1763 3116
241 180 323 228 xvi
818 189 1088 220 PRAEFATlo.

241 316 433 372 Dionysii
473 319 625 362 autem,
680 316 736 352 οὐκ
770 315 990 366 &avesguia-ero,
1022 311 1107 350 ἀλλ’
1138 311 1312 350 ἐπίστευσεν
1338 310 1445 348 αὐτῶν
1474 311 1606 362 κρεῖσσόν
1635 323 1667 345 τι

243 386 377 437 ἐξοίσειν,

301 511 432 552 Hunc
471 509 513 549 in
549 508 686 558 finem,
719 514 763 547 ut
798 503 956 561 singula
985 503 1262 558 expiscaretur
1299 509 1339 543 et
1369 501 1586 558 regionum
1617 501 1669 542 si-

243 588 308 621 tus
342 586 464 634 atque
493 576 656 617 habitus
686 588 826 616 coram
868 574 1094 613 intueretur
1126 579 1166 612 et
1214 570 1460 625 exploraret,
1497 569 1668 610 taedium

243 663 291 690 ac
329 661 535 688 aerumnas
569 645 705 701 longae
736 641 1078 698 peregrinationis
1107 654 1192 680 non
1224 639 1436 681 recusavit.
1498 638 1666 679 Lustra-

242 724 285 757 ta
318 715 432 756 omni
469 713 634 755 Graecia
665 721 706 753 et
746 710 889 765 Epiro,
921 709 1085 764 visaque
1117 707 1367 749 Macedonia
1397 714 1437 747 et
1472 705 1667 754 Thracia,

242 785 286 826 in
316 783 561 840 Scytharum
594 781 702 823 ultra
730 780 883 822 Istrum
913 787 953 820 et
992 776 1330 834 Bmysthenem*
1371 789 1463 816 oras
1496 773 1671 815 transiit.

244 852 393 909 Neque
431 852 484 893 ab
532 852 633 893 Asia
676 849 887 898 abstinuit,
910 848 1024 902 cujus
1052 854 1271 903 peragrata
1308 844 1441 886 multo
1491 843 1670 885 maxima

245 930 377 977 parte,
414 920 515 962 adiit
551 920 726 975 Syriam,
762 917 833 958 ubi
865 916 1040 972 Tyrum,
1061 921 1085 968 †
1107 914 1355 956 Phoenicum
1375 912 1670 954 nobilissimam

245 989 405 1039 urbem,
453 996 495 1029 et
552 986 814 1028 Palaestinam
862 984 1111 1025 maritimam
1146 988 1169 1035 ‡
1217 982 1395 1037 inspexit
1440 980 1670 1037 diligenter.

243 1057 362 1098 Hinc
394 1055 646 1097 conmodum
677 1055 720 1094 in
750 1053 985 1110 AEgypturn
1016 1053 1108 1101 iter;
1157 1066 1282 1107 quam
1317 1050 1473 1091 visendi
1512 1047 1672 1104 cupidi-

240 1133 323 1167 tate
358 1125 581 1174 oberrasse,
615 1123 798 1177 Euterpe
836 1122 1033 1177 loquitur.
1094 1121 1162 1162 Ex
1195 1120 1383 1178 AEgypto
1418 1120 1459 1160 in
1493 1118 1671 1174 Libyam

241 1194 490 1243 excucurrit,
515 1192 788 1248 Cyrenenque
807 1190 922 1239 vidit,
953 1194 971 1243 ᾗ
991 1189 1128 1230 forsan
1156 1198 1195 1231 et
1217 1189 1293 1230 alia
1323 1188 1586 1243 amplissimae
1607 1201 1670 1244 rej-

240 1263 374 1320 gionis
411 1261 576 1317 oppida.
652 1260 805 1302 Africae
837 1259 889 1300 ab
927 1258 1112 1315 AEgypto
1144 1259 1194 1300 ad
1228 1257 1560 1314 promontorium
1594 1247 1670 1298 So'-

240 1332 420 1373 loe‘ntem
450 1330 620 1372 sollicita
649 1329 870 1384 descriptio
900 1337 941 1369 et
971 1328 1104 1369 crebri
1134 1343 1229 1369 cum
1262 1326 1671 1384 Carthaginiensibus

240 1399 371 1442 habiti
405 1414 611 1440 sermones
638 1405 652 1449 11
680 1397 760 1439 hoc
794 1404 961 1453 possent
992 1396 1250 1451 persuadere,
1284 1411 1417 1452 neque
1443 1395 1577 1437 valide
1608 1404 1670 1437 ta-

241 1483 348 1510 men.
410 1469 481 1509 An
514 1466 772 1522 Babylonem
793 1474 834 1507 et
863 1465 1091 1507 uberrimos
1121 1466 1206 1521 ejus
1227 1479 1352 1522 agros
1372 1465 1568 1514 inviserit,
1599 1479 1665 1506 ve·

238 1537 301 1577 nit
329 1537 373 1576 in
402 1535 733 1590 disputationem.
800 1534 878 1574 Vir
907 1534 1180 1583 doctissimus,
1214 1535 1302 1576 Des
1343 1532 1554 1589 Vignoles,
1597 1531 1669 1573 sed

243 1603 464 1646 Herodoto
484 1603 644 1657 saepius,
676 1616 799 1657 quam
818 1616 895 1656 par
915 1609 1015 1651 erat,
1046 1601 1238 1657 iniquior,
1275 1616 1324 1643 eo
1353 1601 1583 1657 profectum
1603 1615 1672 1642 ve-

239 1672 454 1713 hementer
488 1670 705 1712 infitiatur.
740 1673 770 1717 ἹῘ
801 1669 901 1711 Non
922 1684 1043 1726 nego,
1065 1670 1177 1725 quod
1197 1670 1256 1710 illi
1276 1671 1462 1725 opinioni
1483 1670 1671 1712 obtentui

238 1740 330 1792 fuit,
353 1740 509 1781 itineris
531 1739 773 1795 Babylonici
794 1738 1019 1780 districtam
1041 1754 1063 1779 a
1085 1739 1218 1780 Musis
1239 1740 1490 1781 mentionem
1517 1739 1668 1781 abesse.

240 1810 296 1851 At
314 1816 408 1850 sunt
423 1809 477 1849 de
493 1808 700 1849 verissima
716 1807 857 1862 Ampl.
878 1807 1134 1849 Bouherii**
1151 1808 1434 1850 observatione
1447 1808 1668 1864 conplura,

238 1892 330 1932 quae
365 1876 467 1917 illud
499 1876 575 1916 sibi
594 1876 844 1917 desiderant:
880 1876 923 1916 in
957 1875 1020 1916 his
1054 1877 1228 1930 repetita
1263 1890 1358 1917 cum
1389 1876 1599 1918 Chaldaeis
1619 1884 1668 1931 ††

239 1944 452 2000 colloquia,
489 1944 558 1984 vix
589 1959 636 1985 ea
666 1953 905 1999 tempestate
934 1952 1051 1986 extra
1073 1944 1314 2001 Babyloniae
1341 1945 1443 1987 fines
1463 1954 1666 1989 conserta:

238 2021 327 2055 tum
347 2012 606 2068 amplissimae
627 2013 739 2054 urbis
759 2027 931 2067 operosa
961 2022 1001 2054 et
1027 2022 1218 2055 accurata
1237 2013 1472 2065 delineatio,
1495 2015 1668 2070 templo-

239 2096 332 2123 rum
366 2090 566 2136 praeterea
595 2090 635 2123 et
669 2090 908 2132 statuarum,
931 2082 1078 2137 quibus
1106 2082 1172 2124 illa
1204 2083 1352 2124 merito
1391 2084 1664 2139 superbiebat.

240 2149 315 2190 Ait
348 2149 392 2190 in
427 2163 542 2191 suam
563 2164 690 2206 usque
723 2159 886 2192 aetatem
920 2150 1134 2206 Babylone
1161 2151 1328 2192 durasse
1359 2152 1473 2193 Jovis
1498 2153 1587 2194 Beli
1607 2153 1666 2194 fa-

239 2232 341 2259 num
359 2218 475 2259 aereis
491 2219 632 2273 portis,
657 2223 736 2264 Διὸς
765 2223 876 2266 Βήλου
896 2225 954 2274 ἰξὸν
980 2225 1215 2274 χαλκόπυλον,
1237 2224 1291 2273 ‡‡
1315 2224 1376 2260 καὶ
1392 2224 1420 2266 ἐς
1433 2224 1489 2269 ἐμὲ
1505 2225 1596 2261 τοῦτο
1621 2223 1667 2263 ’ἔτι

237 2289 294 2326 ἐόν.
356 2285 513 2327 Contra
545 2301 593 2328 ea
611 2301 697 2328 non
719 2287 865 2330 vidisse
885 2305 969 2331 sese
995 2290 1114 2332 isthic
1146 2298 1323 2332 statuam
1343 2291 1564 2334 duodecim
1595 2306 1666 2333 cu-

239 2352 421 2395 bitorum
437 2368 491 2396 ex
511 2355 643 2397 solido
673 2370 787 2406 auro,
809 2357 920 2413 quod
949 2373 1038 2399 eam
1060 2358 1226 2400 Xerxes
1249 2359 1443 2401 aliorsum
1464 2368 1664 2416 asportas-

239 2429 311 2472 set,
328 2426 395 2474 ἐγὼ
408 2425 467 2471 μὲν
484 2440 538 2472 μιν
555 2426 613 2464 οὔκ
633 2425 718 2462 εἶδον·
736 2425 781 2478 §§
831 2426 964 2468 Porro
984 2427 1189 2468 declarata
1208 2427 1438 2469 cultissimis
1454 2428 1585 2470 verbis
1601 2444 1667 2470 so-

238 2489 267 2531 li
281 2490 522 2547 Babylonici
536 2493 750 2545 tubertate,
768 2497 803 2534 ἔκ
821 2500 836 2545 Η
848 2501 863 2546 ΙΙ
889 2499 921 2535 δὲ
939 2499 1084 2553 κὲγχξου
1103 2502 1165 2537 καὶ
1183 2501 1330 2547 σησάμου
1342 2502 1407 2538 ὅσον
1425 2515 1456 2536 τι
1474 2501 1588 2552 δένδξον
1604 2501 1664 2547 μὲ-

282 2623 300 2641 ³⁶
318 2619 394 2669 Vid.
409 2619 462 2650 lib.
478 2620 538 2652 IV.
555 2625 604 2652 81.
615 2628 671 2653 etc.
1017 2627 1039 2665 ‘J
1060 2626 1207 2657 Chronol.
1230 2627 1283 2658 lib.
1299 2627 1359 2658 IV.
1371 2632 1399 2665 4,
1413 2631 1442 2660 5.
1454 2635 1486 2660 et
1497 2629 1557 2661 VI.
1571 2633 1600 2667 5,
1617 2633 1664 2661 10,

278 2667 298 2707 †
316 2663 413 2724 Libro
427 2663 476 2693 ΙΙ.
486 2667 536 2694 44.
1017 2681 1055 2698 *ᾇ
1076 2680 1209 2712 Dissert.
1227 2681 1348 2713 Herod.
1359 2692 1426 2724 cap.
1443 2687 1468 2715 1.

283 2721 297 2759 ss
316 2719 386 2749 L1b.
401 2717 474 2748 ΙΙΙ.
492 2721 520 2748 5.
532 2723 563 2748 et
579 2717 627 2748 ΙΙ.
645 2721 713 2749 106.
1011 2735 1052 2774 ††
1070 2733 1140 2765 Lib.
1158 2734 1185 2764 Ι,
1202 2738 1273 2766 185.

282 2774 301 2813 ς
329 2772 400 2802 Lib.
416 2772 463 2802 II.
482 2775 550 2802 181.
1015 2788 1047 2826 η
1066 2786 1181 2817 Ibide.
1198 2791 1268 2818 181.

283 2828 295 2867 11
319 2826 389 2856 Lib.
408 2826 468 2856 IV.
487 2829 555 2858 168.
578 2832 634 2857 etc.
663 2831 692 2856 et
704 2826 776 2858 ibid.
793 2837 856 2866 cap.
873 2831 923 2859 43.
1019 2839 1062 2879 §5
1082 2840 1161 2870 Ihm,
1176 2845 1287 2878 c,185‚

238 2886 269 2910 et
288 2883 356 2912 195.
375 2883 440 2911 196.
1013 2894 1048 2934 ῃῃ
1071 2893 1280 2926 1bid.c.195.
