1763 3116
697 170 962 202 PRAEFATIO.
1385 157 1536 203 xxxix

109 302 403 360 junctissimus,
433 301 532 357 quid
553 302 733 353 molirer,
767 303 1083 344 Observationes
1100 305 1339 356 transmisit,
1366 314 1406 347 et
1425 307 1540 363 flagi-

110 372 226 421 tanti,
258 379 303 411 ut
330 370 588 411 continuaret
624 371 834 412 inchoatas
854 380 894 412 et
930 372 972 411 in
1007 380 1165 425 partem
1197 372 1346 414 laboris
1367 375 1538 424 veniret,

109 448 368 496 peramanter
402 439 595 480 adsensus
629 440 716 482 fuit.
779 441 888 482 Haec
909 441 1027 497 origo
1047 450 1088 482 et
1109 443 1268 482 occasio
1290 443 1539 486 Adnotatio-

108 524 225 558 num,
251 507 574 564 praeclarissimae
589 509 829 551 eruditionis
850 524 901 549 ex
922 510 1183 551 interioribus
1203 510 1346 552 litteris
1366 513 1539 567 adpara-

108 588 153 622 tu
173 579 434 628 refertarum,
466 580 612 634 quibus
643 580 733 621 haec
768 580 894 621 editio
927 580 1095 620 nitidior
1115 589 1154 621 et
1176 581 1227 621 ad
1259 582 1537 635 posteritatem

108 648 421 690 conmendatior
435 649 639 703 procedet.
703 649 948 704 Scripsimus
968 649 1092 690 ambo
1112 649 1296 690 locorum
1317 650 1539 692 intervallis

107 717 290 772 sejuncti,
323 716 388 756 ille
411 717 697 772 Franequerae,
730 733 807 773 ego
838 717 1019 772 Trajecti
1049 718 1101 758 ad
1125 718 1274 768 Rhea,
1309 718 1538 775 acciditque

108 786 227 836 adeo,
261 794 306 827 ut
326 785 469 827 eadem
491 786 783 826 arbitraremur
803 801 1117 841 nonnunquam:
1151 801 1255 836 mea,
1278 786 1347 828 ubi
1368 801 1538 829 conmo-

108 854 208 895 dum
241 862 339 903 erat,
372 853 541 895 inducta
575 854 747 895 subinde
782 854 962 900 fuerunt:
1009 855 1168 909 saepius,
1201 864 1247 896 ut
1281 855 1538 897 describendi

108 921 315 963 fastidium
349 922 558 971 vitaretur,
591 922 747 964 relicta:
781 923 850 964 sed
886 923 1158 973 Valckenarii,
1201 938 1293 964 meo
1327 925 1538 979 praeconio

107 1004 192 1032 non
213 990 355 1047 indigi,
379 992 550 1045 perenni
572 1001 708 1033 tamen
729 992 836 1048 grati
850 993 975 1033 animi
992 992 1274 1034 testificatione
1291 992 1536 1042 celebrandi,

110 1060 249 1102 omnia
268 1060 442 1115 integra.

725 1220 760 1232 Ἃ
763 1220 944 1233 ἏἏἏἏἏἏἏ

110 1322 221 1386 ISTA
252 1344 448 1386 hactenus
481 1345 835 1386 Wssssmmfflus:
880 1344 993 1398 cujus
1023 1343 1164 1393 editio,
1205 1343 1415 1385 immensae
1445 1344 1541 1387 doc·

109 1415 229 1456 trinae
250 1414 571 1469 limatissimique
585 1414 742 1468 judicii,
775 1415 880 1455 mira
900 1413 1183 1454 moderatione
1204 1414 1434 1468 temperati,
1467 1415 1544 1455 im-

108 1482 282 1524 mortale
302 1492 628 1532 monumentum,
651 1483 804 1538 prodiit
826 1482 1141 1532 Amstelodami,
1164 1496 1274 1523 anno
1295 1496 1541 1526 Mnchqu.

109 1551 189 1592 hoc
220 1551 356 1592 titulo:
398 1553 570 1606 ‘Hgoeicirov
596 1552 873 1603 Ἀλικαξνησσῆος
900 1552 1058 1602 Ἰστοξιῶν
1085 1553 1177 1601 λόγοι
1205 1552 1242 1587 θ’.
1273 1551 1547 1604 Ἐπιγξαφόμενοι

111 1622 254 1669 Μοῦσαι,
317 1620 525 1661 Herodoti
550 1619 851 1661 Halicarnassei
875 1619 1157 1661 Historiarum
1178 1619 1272 1660 libri
1294 1619 1377 1661 IX.
1399 1619 1543 1663 Musa-

111 1703 204 1729 rum
233 1687 468 1728 nominibus
502 1687 700 1742 inscripfi,
739 1687 815 1729 Gr.
849 1695 888 1728 et
911 1688 1003 1728 Lat.
1037 1702 1088 1728 ex
1125 1686 1398 1728 Laur.Vallae
1418 1687 1543 1730 inter·

111 1756 352 1811 pretatione,
384 1769 478 1796 cum
496 1755 845 1796 Adnotationibus
868 1754 1047 1796 Thomae
1069 1755 1188 1797 Galei
1209 1765 1249 1796 et
1264 1754 1408 1796 Jacobi
1432 1756 1543 1797 Gro-

111 1823 234 1864 novii.
296 1823 530 1864 Editionem
554 1824 710 1864 curavit
738 1833 778 1864 et
809 1839 900 1864 suas
929 1824 1109 1879 itemque
1130 1823 1239 1865 Lud.
1264 1823 1385 1878 Casp.
1420 1824 1543 1865 Valc-

113 1892 272 1934 kenarii
294 1892 425 1934 Notas
445 1892 592 1948 adjecit
613 1893 760 1934 Petrus
792 1892 1105 1949 Wesselingius.
1170 1892 1402 1942 Accedunt,
1435 1908 1543 1948 prae-

113 1971 176 2002 ter
195 1961 337 2002 Vitam
373 1961 566 2010 Homeri,
597 1962 710 2002 varia
741 1976 792 2002 ex
821 1961 964 2016 priscis
1001 1961 1278 2016 Scriptoribus
1308 1962 1361 2002 de
1393 1961 1541 2012 Persis,

115 2030 338 2088 AEgypfiis,
378 2030 491 2081 Nilo,
525 2030 720 2085 Indisque
751 2030 972 2085 Excerpta,
1003 2039 1044 2072 et
1073 2030 1301 2085 praesertim
1322 2045 1373 2071 ex
1393 2030 1540 2073 Ctesia.

117 2099 214 2149 Qua
246 2100 290 2140 in
320 2099 512 2150 editione,
544 2108 694 2155 praeter
713 2099 863 2140 leviora
884 2101 1074 2154 quaedam
1095 2107 1134 2140 et
1156 2099 1271 2140 facile
1299 2100 1543 2156 corrigenda

115 2176 261 2218 errata,
294 2176 364 2209 aut
380 2169 413 2209 si
433 2183 514 2224 qua
534 2177 628 2209 sunt
648 2168 740 2217 alia,
772 2168 825 2208 de
844 2183 1020 2223 quorum
1041 2167 1247 2208 nonnullis
1262 2167 1305 2208 in
1327 2176 1543 2224 utramque

116 2236 239 2277 etiam
268 2245 425 2291 partem
457 2235 664 2291 disputare
697 2236 896 2286 licuerit‚*
927 2236 1029 2276 nihil
1058 2250 1309 2293 magnopere
1340 2236 1543 2278 desidera-

116 2312 213 2345 runt
231 2304 307 2344 viri
323 2304 446 2354 docti,
467 2304 545 2345 nisi
566 2304 675 2360 quod
696 2305 739 2345 in
761 2304 1006 2360 adoptandis
1026 2306 1175 2360 passim
1198 2305 1434 2347 melioribus
1465 2306 1544 2349 lec-

117 2372 312 2422 tionibus,
344 2387 444 2428 quas
473 2372 634 2414 codices
662 2374 928 2429 manuscripti
958 2374 1196 2425 offerebant,
1229 2383 1317 2416 turn
1352 2375 1394 2414 in
1415 2376 1543 2417 corri-

124 2528 126 2530 v
162 2514 184 2535 θε
208 2503 360 2534 Pluscula
382 2504 534 2544 quaedam,
559 2504 728 2536 minutiora
742 2505 808 2545 ple·
854 2512 931 2543 rant,
948 2506 1077 2537 collecta
1088 2506 1192 2537 videas
1206 2507 1239 2536 in
1250 2505 1542 2547 Reiziipraefatione

119 2569 223 2600 taque,
249 2565 305 2590 aut
319 2570 390 2600 quae
409 2560 594 2600 typographi
613 2560 749 2591 maxime
762 2560 810 2590 in-
855 2562 894 2592 ad
917 2571 1007 2591 suam
1031 2560 1191 2591 Herodoti
1210 2560 1378 2591 editionem
1403 2571 1475 2602 pag.
1503 2573 1545 2593 v1.

123 2613 217 2645 curiae
245 2613 406 2649 debentur,
438 2621 468 2644 et
497 2614 664 2655 caligantes
689 2614 813 2646 editoris
857 2619 887 2643 et
902 2623 986 2653 seqq.
1000 2612 1107 2642 Multa
1120 2612 1214 2642 etiam
1242 2612 1468 2653 Wesselingius
1482 2613 1548 2653 ipse

126 2674 216 2699 aetate
231 2669 367 2708 provecti
382 2670 489 2700 oculos
507 2670 560 2710 (de
575 2669 688 2710 quibus
703 2669 767 2709 ipse
782 2670 817 2699 in
860 2667 892 2696 in
918 2665 1081 2697 Addendis
1104 2672 1135 2696 et
1158 2665 1382 2703 Emendandis,
1411 2677 1482 2707 quae
1508 2667 1547 2699 ad

129 2718 190 2750 fine
205 2720 397 2761 praefationis
412 2727 601 2763 conquestus
621 2722 681 2763 est)
703 2722 820 2762 effuge·
865 2720 983 2752 calcem
998 2719 1099 2760 operis
1114 2719 1233 2761 adjecta
1247 2726 1329 2757 sunt,
1347 2721 1485 2752 correxit.
