1763 3116
699 193 968 225 PRAEFArio.
1431 180 1533 229 xliii

95 318 293 373 coepisset,
339 317 456 357 Aue..
495 316 678 358 Cnms'r.
727 317 960 365 Bommcx,
1001 316 1045 356 in
1084 317 1388 373 Duisburgensi
1428 328 1528 362 tunc

90 385 317 427 Academia
340 384 564 426 Historiar.
596 393 636 425 et
672 384 793 439 Eloq.
824 383 1041 439 professor.
1077 385 1271 425 Graecam
1306 385 1525 429 Musarum

90 454 312 495 editionem
346 453 585 509 Lemgoviae
621 467 732 494 anno
765 466 1036 494 MDCCLXXXI.
1071 452 1303 493 scholarum
1333 454 1373 493 in
1407 470 1526 498 usum

86 523 193 579 typis
233 522 549 564 exscribendum
590 523 763 570 curavit3
807 536 916 577 quae,
967 521 1319 576 quemadmodum
1361 523 1446 576 ipse
1485 525 1528 566 in

85 590 327 646 praefatione
343 591 458 633 alteri
481 590 653 632 editioni
669 590 880 645 praemissa
895 590 1128 645 profitetur,
1164 595 1191 616 ‘⁶
1209 589 1320 645 quod
1342 590 1396 631 ad
1426 607 1523 647 qua-

87 668 182 701 tuor
202 662 359 716 priores
379 660 506 701 libros
542 660 702 711 attinet,
737 660 994 709 Reizianam,
1026 660 1068 699 in
1100 659 1265 715 reiiquis
1300 659 1526 703 Wesselin-

78 728 247 785 gianam
269 730 551 771 recensionem
572 729 843 779 exhibebat;''
864 729 1049 785 adeoque
1065 729 1222 784 proprii
1244 737 1284 770 et
1304 731 1403 771 novi
1424 731 1527 773 nihil

81 807 152 840 aut
172 813 319 854 parum
339 789 551 840 offerebat.
575 799 598 821 *ε
659 798 827 840 Deinde
847 813 958 849 vero,
992 798 1209 853 interjecto
1229 807 1385 853 septem
1407 809 1445 841 et
1469 801 1526 841 vi-

84 868 188 924 ginti
209 882 414 909 annorum
449 867 594 922 spatio,
627 882 755 922 quum
786 867 951 908 interim
989 865 1220 908 Schaeferus
1253 867 1455 922 praeclare
1474 869 1528 911 de

85 935 308 984 Herodoto
338 936 564 986 meruisset,
609 936 763 990 prodiit
794 950 906 977 anno
937 949 1144 976 Moccc1x.
1181 935 1309 977 altera
1345 936 1527 990 ejusdem

82 1003 341 1046 Bonnncxn
362 1004 503 1055 editio,
539 1005 701 1046 auctior
732 1009 795 1060 (ut
815 1005 957 1047 titulus
976 1005 1164 1060 praefert)
1193 1014 1232 1046 et
1254 1006 1527 1057 emendatior,

79 1071 209 1114 tribus
240 1073 412 1113 modicis
449 1073 723 1115 voluminibus
755 1082 962 1123 constans3
1006 1074 1059 1115 de
1094 1089 1176 1129 qua
1209 1075 1250 1114 in
1285 1074 1531 1128 praefatione

76 1139 168 1183 haec
183 1142 385 1197 praedicat
400 1150 562 1183 auctor:
585 1149 615 1169 ‘⁶
629 1143 704 1184 Est
718 1143 807 1184 haec
823 1143 964 1193 editio,
981 1143 1131 1184 nullius
1147 1144 1295 1197 prioris
1316 1145 1507 1198 repetitio
1514 1161 1524 1194 ;

78 1210 150 1252 sed
170 1225 278 1252 nova
297 1225 426 1266 eaque
445 1218 637 1252 accurata
657 1211 853 1259 recensio,
887 1211 930 1250 in
961 1225 1042 1265 qua
1078 1209 1224 1251 Musas
1257 1211 1525 1254 Herodoteas

76 1287 160 1319 tam
181 1279 233 1319 ad
264 1287 450 1320 veterum
469 1278 669 1320 librorum
700 1278 866 1329 fidem‚'’
899 1279 1083 1334 (scilicet,
1115 1294 1291 1334 quorum
1325 1279 1522 1322 lectiones

76 1346 378 1404 Wesselingius
398 1347 637 1404 collegerat)
661 1354 688 1374 ‘⁶
713 1363 838 1403 quam
859 1363 882 1388 e
903 1348 1148 1403 conjecturis
1170 1348 1391 1390 doctorum
1413 1350 1524 1390 viro-

75 1430 184 1467 rum,
205 1416 432 1473 integritati
453 1417 666 1458 restituere
677 1417 965 1458 tentavimus.”
1018 1416 1116 1458 Hac
1130 1418 1257 1474 igitur
1270 1418 1313 1458 in
1335 1417 1518 1460 editione

75 1485 138 1527 vir
157 1486 337 1540 optimus
360 1487 607 1541 promiscue,
649 1486 776 1528 modo
809 1485 1135 1543 Wesselingiani
1166 1487 1357 1542 exempli,
1389 1488 1517 1529 modo

76 1554 264 1596 Reiziani
296 1563 368 1596 aut
401 1555 682 1606 Schaeferiani,
718 1555 850 1597 tenuit
881 1555 1094 1596 lectiones:
1141 1555 1255 1596 haud
1294 1571 1390 1597 raro
1423 1573 1522 1599 vero

73 1623 198 1665 etiam
218 1624 270 1665 ab
290 1623 354 1664 his
374 1625 533 1665 cunctis
554 1632 595 1666 et
614 1640 638 1666 a
654 1627 838 1666 veterum
857 1623 1058 1665 librorum
1073 1624 1265 1665 omnium
1278 1626 1522 1681 praescripto

71 1692 115 1733 in
136 1692 342 1734 diversum
363 1692 590 1743 discedens,
612 1693 698 1735 duo
717 1693 809 1734 haec
830 1693 1012 1733 maxime
1032 1701 1093 1733 est
1114 1701 1291 1741 secutus3
1321 1694 1518 1748 primum,

72 1769 119 1804 ut
153 1762 197 1802 in
217 1761 438 1803 verborum
470 1761 626 1812 formis,
658 1763 702 1803 in
738 1761 964 1803 scribendis
993 1760 1202 1802 vocabulis
1233 1764 1295 1815 (ut
1325 1763 1382 1802 ait
1413 1762 1518 1816 ipse)

70 1834 232 1875 semper
251 1819 327 1860 sibi
347 1828 538 1862 constans
559 1828 704 1862 auctor
724 1819 929 1874 prodiret;
954 1818 1147 1869 alterum,
1169 1827 1214 1859 ut
1235 1833 1517 1875 quascumque

69 1888 375 1931 emendationes
407 1897 448 1930 et
483 1891 740 1945 conjecturas
772 1888 833 1929 vel
864 1904 889 1929 a
919 1888 1211 1944 Wesselingio‚
1245 1888 1306 1928 vel
1336 1904 1360 1928 a
1392 1889 1517 1931 Valc-

67 1959 251 2008 kenario,
273 1959 316 1999 in
339 1958 694 2000 Adnotationibus
724 1957 1034 1999 commendatas
1065 1956 1241 2006 vidisset,
1285 1972 1352 1998 eas
1384 1959 1517 2000 conti-

69 2042 155 2069 nuo
169 2026 253 2068 fere
273 2035 441 2068 cunctas
457 2027 634 2070 suumin
650 2026 889 2083 exemplum
907 2025 1138 2081 adoptaret:
1168 2041 1253 2081 quo
1268 2028 1392 2068 etiam
1410 2028 1514 2070 illud

114 2174 131 2191 ¹*
156 2173 302 2205 Titulum
318 2174 414 2205 editio
424 2175 485 2211 illa,
510 2175 664 2206 referente
680 2175 766 2206 Har·
811 2179 1027 2213 compertum;
1049 2172 1130 2204 illud
1144 2173 1216 2209 vidi,
1242 2179 1274 2203 et
1295 2184 1516 2214 saepenumero

67 2228 144 2259 lesio
160 2228 200 2258 ad
218 2229 339 2260 Fabric.
353 2241 382 2270 p.
403 2234 476 2261 544.
503 2233 592 2272 (nam
615 2230 680 2269 ipse
704 2240 768 2260 non
811 2238 883 2259 sum
912 2227 1051 2263 miratus,
1075 2238 1140 2268 quo
1163 2233 1255 2267 pacto
1276 2228 1396 2258 factum
1426 2228 1465 2258 sit
1480 2232 1517 2259 ut

67 2281 145 2320 vidi)
162 2282 249 2312 hunc
269 2283 464 2322 praeferebat:
489 2284 676 2314 “Herodoti
696 2284 766 2314 Ha·
814 2282 1000 2318 Larcherus,
1024 2281 1079 2322 qui
1103 2282 1161 2311 hac
1186 2293 1264 2312 usus
1290 2288 1336 2312 est
1366 2282 1513 2318 editione,

67 2334 119 2364 lic.
162 2340 194 2364 et
215 2335 329 2365 Ctesiae
353 2336 458 2366 Cnidii
475 2347 546 2378 quae
562 2342 670 2366 extant
695 2346 769 2376 ope·
812 2336 961 2367 lectiones
977 2346 1086 2366 omnes
1102 2346 1121 2365 a
1137 2335 1388 2376 WVesselingiano
1406 2346 1512 2366 exem-

67 2397 100 2418 ra
115 2393 146 2418 et
161 2387 346 2428 fragmenta,
376 2390 499 2428 Graece,
528 2401 565 2421 ex
588 2390 769 2421 recensione
812 2391 866 2431 plo
881 2390 1083 2425 discedentes,
1101 2389 1158 2419 uni
1176 2390 1355 2420 Borheckio
1371 2396 1515 2430 acceptas

72 2441 159 2473 Petri
183 2442 395 2483 Wesselingii.
429 2444 560 2475 Curavit
576 2445 616 2475 A.
636 2445 672 2476 C.
687 2445 768 2476 Bor·
811 2446 926 2483 tulerit,
944 2446 1033 2477 nulla
1051 2446 1151 2476 Reizii
1165 2446 1284 2476 mentio
1300 2456 1340 2476 ne
1356 2446 1446 2482 facta,
1460 2447 1513 2477 cui

67 2496 179 2526 heck.’'
228 2497 293 2533 Qui
308 2508 410 2539 quum
428 2498 527 2529 Reizii
540 2509 664 2536 nomen,
675 2500 766 2540 cujus
811 2500 873 2530 illae
891 2501 1096 2531 debebantur:
1125 2510 1189 2540 quo
1204 2500 1243 2530 de
1265 2510 1379 2540 genere
1394 2500 1512 2530 multos

66 2550 248 2590 exemplum
273 2562 379 2591 presso
406 2552 485 2592 pede
511 2559 637 2584 secutus
651 2560 705 2589 est,
729 2554 763 2584 in
807 2554 894 2585 locos
923 2554 1033 2584 citatos
1063 2553 1157 2584 etiam
1182 2553 1286 2583 videas
1312 2554 1344 2583 in
1368 2553 1510 2594 ejusdem

68 2604 163 2635 titulo
177 2605 249 2636 libri
258 2607 397 2643 tacuerit,
414 2614 522 2638 utrum
533 2608 566 2638 in
578 2609 760 2648 praefatione
807 2608 957 2639 Larcheri
973 2608 1083 2638 Indice
1101 2608 1224 2638 Rerum
1239 2614 1269 2638 et
1285 2608 1506 2646 Personarum,

67 2654 177 2686 saltem
203 2658 407 2689 honorificam
428 2659 524 2699 hujus
548 2659 613 2695 viri,
637 2659 684 2690 uti
709 2669 763 2699 par
809 2662 846 2692 T.
864 2661 1116 2702 IX.posterioris
1131 2661 1275 2691 editionis
1288 2660 1418 2692 Galiicae
1437 2662 1506 2692 He-

68 2715 141 2747 erat,
179 2712 373 2743 mentionem
409 2712 525 2750 fecerit,
564 2723 629 2744 non
665 2714 765 2746 habeo
808 2714 909 2747 rodoti
923 2715 1080 2752 versionis,
1105 2727 1135 2756 p.
1154 2719 1222 2747 149.
1239 2725 1314 2746 voce
1331 2715 1485 2746 Bon-beck.
