<?xml version="1.0" encoding="UTF-8"?>
<!DOCTYPE html PUBLIC "-//W3C//DTD XHTML 1.0 Transitional//EN"
    "http://www.w3.org/TR/xhtml1/DTD/xhtml1-transitional.dtd">
<html xmlns="http://www.w3.org/1999/xhtml" xml:lang="en" lang="en">
 <head>
  <title>
</title>
<meta http-equiv="Content-Type" content="text/html;charset=utf-8" />
  <meta name='ocr-system' content='tesseract 3.04.00' />
  <meta name='ocr-capabilities' content='ocr_page ocr_carea ocr_par ocr_line ocrx_word'/>
</head>
<body>
  <div class='ocr_page' id='page_1' title='image "./historinlogoi9ep01herouoft_0017.png"; bbox 0 0 1763 3116; ppageno 0'>
   <div class='ocr_carea' id='block_1_1' title="bbox 649 186 1520 240">
    <p class='ocr_par' dir='ltr' id='par_1_1' title="bbox 649 186 1520 240">
     <span class='ocr_line' id='line_1_1' title="bbox 649 186 1520 240; baseline -0.006 0"><span class='ocrx_word' id='word_1_1' title='bbox 649 206 919 240; x_wconf 83' lang='lat' dir='ltr'><strong>PRAEFATIO.</strong></span> <span class='ocrx_word' id='word_1_2' title='bbox 1447 186 1520 236; x_wconf 89' lang='lat' dir='ltr'>vii</span> 
     </span>
    </p>
   </div>
   <div class='ocr_carea' id='block_1_2' title="bbox 69 327 1525 1772">
    <p class='ocr_par' dir='ltr' id='par_1_2' title="bbox 69 327 1525 1772">
     <span class='ocr_line' id='line_1_2' title="bbox 81 327 1520 387; baseline -0.003 -12"><span class='ocrx_word' id='word_1_3' title='bbox 81 341 110 364; x_wconf 81' lang='grc'><strong>“</strong></span> <span class='ocrx_word' id='word_1_4' title='bbox 130 333 306 376; x_wconf 83' lang='lat' dir='ltr'>sabatur.</span> <span class='ocrx_word' id='word_1_5' title='bbox 368 331 467 381; x_wconf 81' lang='lat' dir='ltr'>Qua</span> <span class='ocrx_word' id='word_1_6' title='bbox 500 345 544 373; x_wconf 91' lang='lat' dir='ltr'>re</span> <span class='ocrx_word' id='word_1_7' title='bbox 571 331 798 382; x_wconf 88' lang='lat' dir='ltr'>nonnullis,</span> <span class='ocrx_word' id='word_1_8' title='bbox 829 329 942 387; x_wconf 91' lang='lat' dir='ltr'>quod</span> <span class='ocrx_word' id='word_1_9' title='bbox 977 335 1118 384; x_wconf 83' lang='lat' dir='ltr'>aperte</span> <span class='ocrx_word' id='word_1_10' title='bbox 1153 327 1354 370; x_wconf 83' lang='lat' dir='ltr'>mendosa</span> <span class='ocrx_word' id='word_1_11' title='bbox 1377 334 1419 370; x_wconf 90' lang='lat' dir='ltr'>et</span> <span class='ocrx_word' id='word_1_12' title='bbox 1437 328 1520 371; x_wconf 89' lang='lat' dir='ltr'>levi</span> 
     </span>
     <span class='ocr_line' id='line_1_3' title="bbox 82 398 1520 457; baseline -0.003 -12"><span class='ocrx_word' id='word_1_13' title='bbox 82 410 113 432; x_wconf 86' lang='lat'>“</span> <span class='ocrx_word' id='word_1_14' title='bbox 136 401 307 445; x_wconf 88' lang='lat' dir='ltr'>brachio</span> <span class='ocrx_word' id='word_1_15' title='bbox 327 400 616 442; x_wconf 89' lang='lat' dir='ltr'>concinnanda</span> <span class='ocrx_word' id='word_1_16' title='bbox 635 400 884 457; x_wconf 84' lang='lat' dir='ltr'><strong>reliquerim,</strong></span> <span class='ocrx_word' id='word_1_17' title='bbox 900 400 1013 455; x_wconf 90' lang='lat' dir='ltr'>justo</span> <span class='ocrx_word' id='word_1_18' title='bbox 1035 399 1142 440; x_wconf 84' lang='lat' dir='ltr'>visus</span> <span class='ocrx_word' id='word_1_19' title='bbox 1158 398 1216 439; x_wconf 86' lang='lat' dir='ltr'>fui</span> <span class='ocrx_word' id='word_1_20' title='bbox 1238 399 1420 441; x_wconf 84' lang='lat' dir='ltr'>cautior:</span> <span class='ocrx_word' id='word_1_21' title='bbox 1451 414 1520 441; x_wconf 90' lang='lat' dir='ltr'>ve-</span> 
     </span>
     <span class='ocr_line' id='line_1_4' title="bbox 83 468 1525 521; baseline -0.002 -7"><span class='ocrx_word' id='word_1_22' title='bbox 83 479 113 502; x_wconf 85' lang='lat'><strong>“</strong></span> <span class='ocrx_word' id='word_1_23' title='bbox 133 487 226 514; x_wconf 90' lang='lat' dir='ltr'>rum</span> <span class='ocrx_word' id='word_1_24' title='bbox 246 470 346 514; x_wconf 87' lang='lat' dir='ltr'>illud</span> <span class='ocrx_word' id='word_1_25' title='bbox 369 470 520 519; x_wconf 83' lang='lat' dir='ltr'>malui3</span> <span class='ocrx_word' id='word_1_26' title='bbox 551 472 645 512; x_wconf 86' lang='lat' dir='ltr'>satis</span> <span class='ocrx_word' id='word_1_27' title='bbox 673 471 845 521; x_wconf 89' lang='lat' dir='ltr'>habens,</span> <span class='ocrx_word' id='word_1_28' title='bbox 878 470 911 510; x_wconf 88' lang='lat' dir='ltr'>si</span> <span class='ocrx_word' id='word_1_29' title='bbox 931 469 985 510; x_wconf 85' lang='lat' dir='ltr'>ad</span> <span class='ocrx_word' id='word_1_30' title='bbox 1014 468 1263 510; x_wconf 82' lang='lat' dir='ltr'>medicinam</span> <span class='ocrx_word' id='word_1_31' title='bbox 1301 469 1366 510; x_wconf 88' lang='lat' dir='ltr'>via</span> <span class='ocrx_word' id='word_1_32' title='bbox 1401 483 1525 511; x_wconf 91' lang='lat' dir='ltr'>mon-</span> 
     </span>
     <span class='ocr_line' id='line_1_5' title="bbox 77 537 1519 595; baseline -0.002 -12"><span class='ocrx_word' id='word_1_33' title='bbox 77 548 105 570; x_wconf 86' lang='lat'><strong>“</strong></span> <span class='ocrx_word' id='word_1_34' title='bbox 125 540 387 583; x_wconf 64' lang='lat' dir='ltr'>straretur.&#39;&#39;²³¹e</span> <span class='ocrx_word' id='word_1_35' title='bbox 434 539 541 581; x_wconf 85' lang='lat' dir='ltr'>Haec</span> <span class='ocrx_word' id='word_1_36' title='bbox 560 539 639 580; x_wconf 88' lang='lat' dir='ltr'>ille.</span> <span class='ocrx_word' id='word_1_37' title='bbox 701 539 790 580; x_wconf 88' lang='lat' dir='ltr'>Nos</span> <span class='ocrx_word' id='word_1_38' title='bbox 810 540 961 594; x_wconf 86' lang='lat' dir='ltr'>probas</span> <span class='ocrx_word' id='word_1_39' title='bbox 983 538 1131 579; x_wconf 86' lang='lat' dir='ltr'>multas</span> <span class='ocrx_word' id='word_1_40' title='bbox 1162 537 1394 588; x_wconf 87' lang='lat' dir='ltr'>Lectiones,</span> <span class='ocrx_word' id='word_1_41' title='bbox 1425 553 1519 595; x_wconf 86' lang='lat' dir='ltr'>quae</span> 
     </span>
     <span class='ocr_line' id='line_1_6' title="bbox 75 608 1522 665; baseline -0.002 -13"><span class='ocrx_word' id='word_1_42' title='bbox 75 610 206 653; x_wconf 85' lang='lat' dir='ltr'>videri</span> <span class='ocrx_word' id='word_1_43' title='bbox 225 616 418 665; x_wconf 84' lang='lat' dir='ltr'>poterant</span> <span class='ocrx_word' id='word_1_44' title='bbox 438 608 552 650; x_wconf 89' lang='lat' dir='ltr'>haud</span> <span class='ocrx_word' id='word_1_45' title='bbox 582 608 677 650; x_wconf 89' lang='lat' dir='ltr'>satis</span> <span class='ocrx_word' id='word_1_46' title='bbox 706 616 818 650; x_wconf 88' lang='lat' dir='ltr'>certa</span> <span class='ocrx_word' id='word_1_47' title='bbox 837 608 1080 650; x_wconf 89' lang='lat' dir='ltr'>auctoritate</span> <span class='ocrx_word' id='word_1_48' title='bbox 1101 624 1126 649; x_wconf 89' lang='lat' dir='ltr'>a</span> <span class='ocrx_word' id='word_1_49' title='bbox 1157 608 1260 650; x_wconf 90' lang='lat' dir='ltr'>Viro</span> <span class='ocrx_word' id='word_1_50' title='bbox 1281 608 1522 650; x_wconf 85' lang='lat' dir='ltr'>doctissimo</span> 
     </span>
     <span class='ocr_line' id='line_1_7' title="bbox 76 677 1524 735; baseline -0.001 -14"><span class='ocrx_word' id='word_1_51' title='bbox 76 687 266 735; x_wconf 87' lang='lat' dir='ltr'>receptae,</span> <span class='ocrx_word' id='word_1_52' title='bbox 298 678 520 720; x_wconf 84' lang='lat' dir='ltr'>accedente</span> <span class='ocrx_word' id='word_1_53' title='bbox 558 685 795 719; x_wconf 85' lang='lat' dir='ltr'>nostrorum</span> <span class='ocrx_word' id='word_1_54' title='bbox 824 677 1030 719; x_wconf 89' lang='lat' dir='ltr'>Codicum</span> <span class='ocrx_word' id='word_1_55' title='bbox 1064 677 1300 718; x_wconf 86' lang='lat' dir='ltr'>testimonio</span> <span class='ocrx_word' id='word_1_56' title='bbox 1339 677 1524 719; x_wconf 86' lang='lat' dir='ltr'>firmavi-</span> 
     </span>
     <span class='ocr_line' id='line_1_8' title="bbox 74 746 1517 802; baseline 0 -13"><span class='ocrx_word' id='word_1_57' title='bbox 74 762 184 796; x_wconf 89' lang='lat' dir='ltr'>mus;</span> <span class='ocrx_word' id='word_1_58' title='bbox 215 747 412 802; x_wconf 88' lang='lat' dir='ltr'>plurimas</span> <span class='ocrx_word' id='word_1_59' title='bbox 441 746 553 795; x_wconf 84' lang='lat' dir='ltr'>alias,</span> <span class='ocrx_word' id='word_1_60' title='bbox 585 746 637 788; x_wconf 89' lang='lat' dir='ltr'>ab</span> <span class='ocrx_word' id='word_1_61' title='bbox 657 746 728 787; x_wconf 89' lang='lat' dir='ltr'>illo</span> <span class='ocrx_word' id='word_1_62' title='bbox 758 749 969 801; x_wconf 81' lang='lat' dir='ltr'>sepositaS,</span> <span class='ocrx_word' id='word_1_63' title='bbox 1006 746 1158 801; x_wconf 85' lang='lat' dir='ltr'>partim</span> <span class='ocrx_word' id='word_1_64' title='bbox 1177 761 1291 788; x_wconf 90' lang='lat' dir='ltr'>nunc</span> <span class='ocrx_word' id='word_1_65' title='bbox 1318 747 1517 801; x_wconf 87' lang='lat' dir='ltr'>primum,</span> 
     </span>
     <span class='ocr_line' id='line_1_9' title="bbox 75 813 1517 872; baseline 0 -15"><span class='ocrx_word' id='word_1_66' title='bbox 75 816 228 872; x_wconf 84' lang='lat' dir='ltr'>partim</span> <span class='ocrx_word' id='word_1_67' title='bbox 256 814 537 870; x_wconf 78' lang='lat' dir='ltr'>praeeuntibus</span> <span class='ocrx_word' id='word_1_68' title='bbox 586 814 675 855; x_wconf 87' lang='lat' dir='ltr'>aliis</span> <span class='ocrx_word' id='word_1_69' title='bbox 716 825 812 855; x_wconf 87' lang='lat' dir='ltr'>ante</span> <span class='ocrx_word' id='word_1_70' title='bbox 852 823 923 855; x_wconf 89' lang='lat' dir='ltr'>aut</span> <span class='ocrx_word' id='word_1_71' title='bbox 971 821 1065 869; x_wconf 86' lang='lat' dir='ltr'>post</span> <span class='ocrx_word' id='word_1_72' title='bbox 1097 813 1214 855; x_wconf 91' lang='lat' dir='ltr'>illum</span> <span class='ocrx_word' id='word_1_73' title='bbox 1257 813 1517 867; x_wconf 66' lang='lat' dir='ltr'>Editor-ibus,</span> 
     </span>
     <span class='ocr_line' id='line_1_10' title="bbox 73 881 1522 939; baseline 0.001 -13"><span class='ocrx_word' id='word_1_74' title='bbox 73 883 372 927; x_wconf 84' lang='lat' dir='ltr'>vindicavimus</span> <span class='ocrx_word' id='word_1_75' title='bbox 420 882 596 931; x_wconf 83' lang='lat' dir='ltr'>auctori3</span> <span class='ocrx_word' id='word_1_76' title='bbox 645 881 865 923; x_wconf 88' lang='lat' dir='ltr'>nonnullas</span> <span class='ocrx_word' id='word_1_77' title='bbox 899 881 1327 939; x_wconf 87' lang='lat' dir='ltr'>etiam,Wesselingio</span> <span class='ocrx_word' id='word_1_78' title='bbox 1356 898 1410 924; x_wconf 91' lang='lat' dir='ltr'>ne</span> <span class='ocrx_word' id='word_1_79' title='bbox 1434 899 1522 927; x_wconf 89' lang='lat' dir='ltr'>me-</span> 
     </span>
     <span class='ocr_line' id='line_1_11' title="bbox 71 950 1521 1008; baseline 0.001 -13"><span class='ocrx_word' id='word_1_80' title='bbox 71 961 253 995; x_wconf 80' lang='lat' dir='ltr'>moratas</span> <span class='ocrx_word' id='word_1_81' title='bbox 283 951 467 1008; x_wconf 88' lang='lat' dir='ltr'>quidem,</span> <span class='ocrx_word' id='word_1_82' title='bbox 498 966 610 993; x_wconf 92' lang='lat' dir='ltr'>nunc</span> <span class='ocrx_word' id='word_1_83' title='bbox 639 951 820 1006; x_wconf 88' lang='lat' dir='ltr'>primum</span> <span class='ocrx_word' id='word_1_84' title='bbox 850 966 873 991; x_wconf 90' lang='lat' dir='ltr'>e</span> <span class='ocrx_word' id='word_1_85' title='bbox 905 950 1130 992; x_wconf 83' lang='lat' dir='ltr'>Codicibus</span> <span class='ocrx_word' id='word_1_86' title='bbox 1160 952 1311 993; x_wconf 90' lang='lat' dir='ltr'>nostris</span> <span class='ocrx_word' id='word_1_87' title='bbox 1340 953 1521 1007; x_wconf 91' lang='lat' dir='ltr'>produc-</span> 
     </span>
     <span class='ocr_line' id='line_1_12' title="bbox 72 1019 1518 1078; baseline 0 -14"><span class='ocrx_word' id='word_1_88' title='bbox 72 1030 148 1073; x_wconf 87' lang='lat' dir='ltr'>tas,</span> <span class='ocrx_word' id='word_1_89' title='bbox 171 1036 300 1078; x_wconf 92' lang='lat' dir='ltr'>quum</span> <span class='ocrx_word' id='word_1_90' title='bbox 321 1021 542 1062; x_wconf 84' lang='lat' dir='ltr'>verissimae</span> <span class='ocrx_word' id='word_1_91' title='bbox 572 1020 691 1061; x_wconf 87' lang='lat' dir='ltr'>nobis</span> <span class='ocrx_word' id='word_1_92' title='bbox 712 1020 809 1061; x_wconf 84' lang='lat' dir='ltr'>visae</span> <span class='ocrx_word' id='word_1_93' title='bbox 829 1027 975 1070; x_wconf 83' lang='lat' dir='ltr'>essent,</span> <span class='ocrx_word' id='word_1_94' title='bbox 1011 1019 1235 1062; x_wconf 89' lang='lat' dir='ltr'>Herodoto</span> <span class='ocrx_word' id='word_1_95' title='bbox 1254 1022 1518 1074; x_wconf 86' lang='lat' dir='ltr'>restituimus;</span> 
     </span>
     <span class='ocr_line' id='line_1_13' title="bbox 74 1089 1520 1147; baseline 0 -13"><span class='ocrx_word' id='word_1_96' title='bbox 74 1092 253 1147; x_wconf 92' lang='lat' dir='ltr'>denique</span> <span class='ocrx_word' id='word_1_97' title='bbox 282 1090 396 1132; x_wconf 85' lang='lat' dir='ltr'>haud</span> <span class='ocrx_word' id='word_1_98' title='bbox 435 1105 569 1146; x_wconf 85' lang='lat' dir='ltr'>pauca</span> <span class='ocrx_word' id='word_1_99' title='bbox 595 1090 701 1139; x_wconf 84' lang='lat' dir='ltr'>loca,</span> <span class='ocrx_word' id='word_1_100' title='bbox 733 1104 827 1145; x_wconf 89' lang='lat' dir='ltr'>quae</span> <span class='ocrx_word' id='word_1_101' title='bbox 858 1089 923 1131; x_wconf 89' lang='lat' dir='ltr'>vel</span> <span class='ocrx_word' id='word_1_102' title='bbox 957 1089 1256 1146; x_wconf 89' lang='lat' dir='ltr'>Wesselingio,</span> <span class='ocrx_word' id='word_1_103' title='bbox 1288 1090 1354 1131; x_wconf 93' lang='lat' dir='ltr'>vel</span> <span class='ocrx_word' id='word_1_104' title='bbox 1394 1092 1520 1134; x_wconf 87' lang='lat' dir='ltr'>Valc-</span> 
     </span>
     <span class='ocr_line' id='line_1_14' title="bbox 74 1159 1520 1216; baseline -0.001 -13"><span class='ocrx_word' id='word_1_105' title='bbox 74 1161 247 1203; x_wconf 85' lang='lat' dir='ltr'>kenario</span> <span class='ocrx_word' id='word_1_106' title='bbox 267 1161 511 1216; x_wconf 79' lang='lat' dir='ltr'>praesertim,</span> <span class='ocrx_word' id='word_1_107' title='bbox 543 1168 615 1201; x_wconf 90' lang='lat' dir='ltr'>aut</span> <span class='ocrx_word' id='word_1_108' title='bbox 635 1167 830 1214; x_wconf 90' lang='lat' dir='ltr'>corrupta</span> <span class='ocrx_word' id='word_1_109' title='bbox 850 1167 922 1200; x_wconf 89' lang='lat' dir='ltr'>aut</span> <span class='ocrx_word' id='word_1_110' title='bbox 941 1173 1108 1214; x_wconf 85' lang='lat' dir='ltr'>prorsus</span> <span class='ocrx_word' id='word_1_111' title='bbox 1129 1159 1360 1200; x_wconf 90' lang='lat' dir='ltr'>adulterina</span> <span class='ocrx_word' id='word_1_112' title='bbox 1390 1168 1432 1201; x_wconf 92' lang='lat' dir='ltr'>et</span> <span class='ocrx_word' id='word_1_113' title='bbox 1467 1161 1520 1202; x_wconf 86' lang='lat' dir='ltr'>ab</span> 
     </span>
     <span class='ocr_line' id='line_1_15' title="bbox 75 1228 1516 1278; baseline -0.003 -4"><span class='ocrx_word' id='word_1_114' title='bbox 75 1230 208 1274; x_wconf 80' lang='lat' dir='ltr'>aliena</span> <span class='ocrx_word' id='word_1_115' title='bbox 235 1244 362 1271; x_wconf 86' lang='lat' dir='ltr'>manu</span> <span class='ocrx_word' id='word_1_116' title='bbox 398 1229 604 1271; x_wconf 87' lang='lat' dir='ltr'>inculcata</span> <span class='ocrx_word' id='word_1_117' title='bbox 636 1229 721 1269; x_wconf 88' lang='lat' dir='ltr'>visa</span> <span class='ocrx_word' id='word_1_118' title='bbox 756 1235 887 1278; x_wconf 88' lang='lat' dir='ltr'>erant,</span> <span class='ocrx_word' id='word_1_119' title='bbox 923 1228 1228 1269; x_wconf 82' lang='lat' dir='ltr'>demonstrasse</span> <span class='ocrx_word' id='word_1_120' title='bbox 1249 1228 1352 1268; x_wconf 90' lang='lat' dir='ltr'>mihi</span> <span class='ocrx_word' id='word_1_121' title='bbox 1372 1229 1516 1270; x_wconf 89' lang='lat' dir='ltr'>videor</span> 
     </span>
     <span class='ocr_line' id='line_1_16' title="bbox 71 1297 1519 1354; baseline -0.001 -13"><span class='ocrx_word' id='word_1_122' title='bbox 71 1307 143 1342; x_wconf 85' lang='lat' dir='ltr'>aut</span> <span class='ocrx_word' id='word_1_123' title='bbox 195 1299 368 1340; x_wconf 88' lang='lat' dir='ltr'>omnino</span> <span class='ocrx_word' id='word_1_124' title='bbox 419 1298 629 1340; x_wconf 85' lang='lat' dir='ltr'>sollicitari</span> <span class='ocrx_word' id='word_1_125' title='bbox 669 1313 755 1339; x_wconf 91' lang='lat' dir='ltr'>non</span> <span class='ocrx_word' id='word_1_126' title='bbox 802 1297 1004 1348; x_wconf 88' lang='lat' dir='ltr'>debuisse,</span> <span class='ocrx_word' id='word_1_127' title='bbox 1041 1305 1112 1339; x_wconf 88' lang='lat' dir='ltr'>aut</span> <span class='ocrx_word' id='word_1_128' title='bbox 1146 1297 1304 1339; x_wconf 87' lang='lat' dir='ltr'>leniore</span> <span class='ocrx_word' id='word_1_129' title='bbox 1338 1299 1519 1354; x_wconf 84' lang='lat' dir='ltr'>quadam</span> 
     </span>
     <span class='ocr_line' id='line_1_17' title="bbox 70 1367 1521 1424; baseline 0.001 -15"><span class='ocrx_word' id='word_1_130' title='bbox 70 1367 290 1418; x_wconf 87' lang='lat' dir='ltr'>medicina,</span> <span class='ocrx_word' id='word_1_131' title='bbox 312 1368 366 1409; x_wconf 83' lang='lat' dir='ltr'>ab</span> <span class='ocrx_word' id='word_1_132' title='bbox 385 1367 483 1423; x_wconf 88' lang='lat' dir='ltr'>ipsis</span> <span class='ocrx_word' id='word_1_133' title='bbox 503 1367 669 1409; x_wconf 86' lang='lat' dir='ltr'>vetustis</span> <span class='ocrx_word' id='word_1_134' title='bbox 695 1367 809 1408; x_wconf 83' lang='lat' dir='ltr'>libris</span> <span class='ocrx_word' id='word_1_135' title='bbox 830 1367 1024 1417; x_wconf 85' lang='lat' dir='ltr'>indicata,</span> <span class='ocrx_word' id='word_1_136' title='bbox 1055 1367 1280 1422; x_wconf 89' lang='lat' dir='ltr'>persanari.</span> <span class='ocrx_word' id='word_1_137' title='bbox 1344 1367 1521 1424; x_wconf 81' lang='lat' dir='ltr'>Conjec-</span> 
     </span>
     <span class='ocr_line' id='line_1_18' title="bbox 70 1437 1519 1493; baseline 0.001 -14"><span class='ocrx_word' id='word_1_138' title='bbox 70 1444 183 1480; x_wconf 85' lang='lat' dir='ltr'>turas</span> <span class='ocrx_word' id='word_1_139' title='bbox 216 1451 327 1487; x_wconf 89' lang='lat' dir='ltr'>vero,</span> <span class='ocrx_word' id='word_1_140' title='bbox 360 1445 407 1479; x_wconf 91' lang='lat' dir='ltr'>ut</span> <span class='ocrx_word' id='word_1_141' title='bbox 438 1437 756 1493; x_wconf 83' lang='lat' dir='ltr'>WesselingiuS,</span> <span class='ocrx_word' id='word_1_142' title='bbox 793 1437 849 1478; x_wconf 89' lang='lat' dir='ltr'>sic</span> <span class='ocrx_word' id='word_1_143' title='bbox 884 1445 925 1479; x_wconf 90' lang='lat' dir='ltr'>et</span> <span class='ocrx_word' id='word_1_144' title='bbox 959 1452 1036 1478; x_wconf 87' lang='lat' dir='ltr'>nos</span> <span class='ocrx_word' id='word_1_145' title='bbox 1066 1452 1152 1478; x_wconf 90' lang='lat' dir='ltr'>non</span> <span class='ocrx_word' id='word_1_146' title='bbox 1186 1437 1265 1478; x_wconf 89' lang='lat' dir='ltr'>nisi</span> <span class='ocrx_word' id='word_1_147' title='bbox 1304 1437 1519 1480; x_wconf 85' lang='lat' dir='ltr'>rarissimis</span> 
     </span>
     <span class='ocr_line' id='line_1_19' title="bbox 71 1507 1521 1564; baseline 0.001 -16"><span class='ocrx_word' id='word_1_148' title='bbox 71 1507 319 1564; x_wconf 87' lang='lat' dir='ltr'>quibusdam</span> <span class='ocrx_word' id='word_1_149' title='bbox 351 1507 393 1548; x_wconf 91' lang='lat' dir='ltr'>in</span> <span class='ocrx_word' id='word_1_150' title='bbox 424 1507 524 1549; x_wconf 90' lang='lat' dir='ltr'>locis</span> <span class='ocrx_word' id='word_1_151' title='bbox 551 1508 594 1548; x_wconf 92' lang='lat' dir='ltr'>in</span> <span class='ocrx_word' id='word_1_152' title='bbox 625 1514 866 1548; x_wconf 87' lang='lat' dir='ltr'>contextum</span> <span class='ocrx_word' id='word_1_153' title='bbox 898 1508 1139 1562; x_wconf 87' lang='lat' dir='ltr'>recepimus,</span> <span class='ocrx_word' id='word_1_154' title='bbox 1176 1507 1248 1548; x_wconf 89' lang='lat' dir='ltr'>ubi</span> <span class='ocrx_word' id='word_1_155' title='bbox 1269 1514 1310 1549; x_wconf 90' lang='lat' dir='ltr'>et</span> <span class='ocrx_word' id='word_1_156' title='bbox 1328 1508 1521 1550; x_wconf 84' lang='lat' dir='ltr'>manifes-</span> 
     </span>
     <span class='ocr_line' id='line_1_20' title="bbox 69 1576 1517 1631; baseline 0.002 -14"><span class='ocrx_word' id='word_1_157' title='bbox 69 1583 115 1617; x_wconf 91' lang='lat' dir='ltr'>to</span> <span class='ocrx_word' id='word_1_158' title='bbox 154 1583 351 1631; x_wconf 88' lang='lat' dir='ltr'>corrupta</span> <span class='ocrx_word' id='word_1_159' title='bbox 383 1591 469 1617; x_wconf 89' lang='lat' dir='ltr'>esse</span> <span class='ocrx_word' id='word_1_160' title='bbox 499 1576 702 1617; x_wconf 88' lang='lat' dir='ltr'>librorum</span> <span class='ocrx_word' id='word_1_161' title='bbox 735 1576 923 1617; x_wconf 88' lang='lat' dir='ltr'>omnium</span> <span class='ocrx_word' id='word_1_162' title='bbox 955 1577 1158 1631; x_wconf 82' lang='lat' dir='ltr'>scriptura</span> <span class='ocrx_word' id='word_1_163' title='bbox 1188 1577 1308 1618; x_wconf 90' lang='lat' dir='ltr'>nobis</span> <span class='ocrx_word' id='word_1_164' title='bbox 1349 1578 1517 1620; x_wconf 90' lang='lat' dir='ltr'>videba-</span> 
     </span>
     <span class='ocr_line' id='line_1_21' title="bbox 71 1645 1516 1701; baseline 0.001 -14"><span class='ocrx_word' id='word_1_165' title='bbox 71 1653 153 1697; x_wconf 88' lang='lat' dir='ltr'>tur,</span> <span class='ocrx_word' id='word_1_166' title='bbox 177 1654 218 1688; x_wconf 88' lang='lat' dir='ltr'>et</span> <span class='ocrx_word' id='word_1_167' title='bbox 247 1646 482 1688; x_wconf 84' lang='lat' dir='ltr'>emendatio</span> <span class='ocrx_word' id='word_1_168' title='bbox 504 1645 759 1695; x_wconf 88' lang='lat' dir='ltr'>occurrebat,</span> <span class='ocrx_word' id='word_1_169' title='bbox 781 1660 877 1701; x_wconf 87' lang='lat' dir='ltr'>quae</span> <span class='ocrx_word' id='word_1_170' title='bbox 907 1660 992 1687; x_wconf 91' lang='lat' dir='ltr'>non</span> <span class='ocrx_word' id='word_1_171' title='bbox 1023 1645 1150 1687; x_wconf 89' lang='lat' dir='ltr'>modo</span> <span class='ocrx_word' id='word_1_172' title='bbox 1170 1646 1412 1701; x_wconf 87' lang='lat' dir='ltr'>probabilis,</span> <span class='ocrx_word' id='word_1_173' title='bbox 1445 1648 1516 1689; x_wconf 86' lang='lat' dir='ltr'>sed</span> 
     </span>
     <span class='ocr_line' id='line_1_22' title="bbox 70 1714 1518 1772; baseline 0.002 -16"><span class='ocrx_word' id='word_1_174' title='bbox 70 1721 113 1756; x_wconf 90' lang='lat' dir='ltr'>et</span> <span class='ocrx_word' id='word_1_175' title='bbox 139 1721 252 1757; x_wconf 85' lang='lat' dir='ltr'>certa</span> <span class='ocrx_word' id='word_1_176' title='bbox 270 1722 396 1772; x_wconf 88' lang='lat' dir='ltr'>atque</span> <span class='ocrx_word' id='word_1_177' title='bbox 422 1715 481 1757; x_wconf 88' lang='lat' dir='ltr'>ita</span> <span class='ocrx_word' id='word_1_178' title='bbox 501 1714 668 1756; x_wconf 88' lang='lat' dir='ltr'>evidens</span> <span class='ocrx_word' id='word_1_179' title='bbox 690 1714 911 1764; x_wconf 88' lang='lat' dir='ltr'>videretur,</span> <span class='ocrx_word' id='word_1_180' title='bbox 933 1723 980 1756; x_wconf 93' lang='lat' dir='ltr'>ut</span> <span class='ocrx_word' id='word_1_181' title='bbox 1010 1715 1098 1770; x_wconf 84' lang='lat' dir='ltr'>ipsa</span> <span class='ocrx_word' id='word_1_182' title='bbox 1117 1730 1193 1771; x_wconf 89' lang='lat' dir='ltr'>per</span> <span class='ocrx_word' id='word_1_183' title='bbox 1225 1730 1268 1756; x_wconf 89' lang='lat' dir='ltr'>se</span> <span class='ocrx_word' id='word_1_184' title='bbox 1287 1716 1350 1757; x_wconf 90' lang='lat' dir='ltr'>sui</span> <span class='ocrx_word' id='word_1_185' title='bbox 1365 1715 1518 1759; x_wconf 91' lang='lat' dir='ltr'>faceret</span> 
     </span>
    </p>
   </div>
   <div class='ocr_carea' id='block_1_3' title="bbox 72 1783 213 1827">
    <p class='ocr_par' dir='ltr' id='par_1_3' title="bbox 72 1783 213 1827">
     <span class='ocr_line' id='line_1_23' title="bbox 72 1783 213 1827; baseline 0.007 -2"><span class='ocrx_word' id='word_1_186' title='bbox 72 1783 213 1827; x_wconf 89' lang='lat' dir='ltr'>fidem.</span> 
     </span>
    </p>
   </div>
   <div class='ocr_carea' id='block_1_4' title="bbox 67 1915 1514 2874">
    <p class='ocr_par' dir='ltr' id='par_1_4' title="bbox 67 1915 1514 2874">
     <span class='ocr_line' id='line_1_24' title="bbox 131 1915 1513 1972; baseline 0.003 -14"><span class='ocrx_word' id='word_1_187' title='bbox 131 1916 280 1968; x_wconf 91' lang='lat' dir='ltr'>Porro,</span> <span class='ocrx_word' id='word_1_188' title='bbox 316 1931 445 1972; x_wconf 92' lang='lat' dir='ltr'>quum</span> <span class='ocrx_word' id='word_1_189' title='bbox 482 1915 628 1958; x_wconf 89' lang='lat' dir='ltr'>Ionica</span> <span class='ocrx_word' id='word_1_190' title='bbox 662 1915 841 1958; x_wconf 86' lang='lat' dir='ltr'>dialecto</span> <span class='ocrx_word' id='word_1_191' title='bbox 881 1916 1046 1972; x_wconf 84' lang='lat' dir='ltr'>scriptae</span> <span class='ocrx_word' id='word_1_192' title='bbox 1076 1916 1144 1957; x_wconf 85' lang='lat' dir='ltr'>hae</span> <span class='ocrx_word' id='word_1_193' title='bbox 1178 1917 1383 1959; x_wconf 79' lang='lat' dir='ltr'>Historiae</span> <span class='ocrx_word' id='word_1_194' title='bbox 1417 1920 1513 1972; x_wconf 86' lang='lat' dir='ltr'>sint,</span> 
     </span>
     <span class='ocr_line' id='line_1_25' title="bbox 74 1985 1514 2043; baseline 0.002 -14"><span class='ocrx_word' id='word_1_195' title='bbox 74 1994 399 2030; x_wconf 86' lang='lat' dir='ltr'>consentaneum</span> <span class='ocrx_word' id='word_1_196' title='bbox 419 1986 561 2043; x_wconf 92' lang='lat' dir='ltr'>utique</span> <span class='ocrx_word' id='word_1_197' title='bbox 582 1985 671 2037; x_wconf 86' lang='lat' dir='ltr'>fuit,</span> <span class='ocrx_word' id='word_1_198' title='bbox 694 1997 753 2037; x_wconf 86' lang='lat' dir='ltr'>ut,</span> <span class='ocrx_word' id='word_1_199' title='bbox 775 1987 907 2029; x_wconf 88' lang='lat' dir='ltr'>sicubi</span> <span class='ocrx_word' id='word_1_200' title='bbox 926 1987 1021 2029; x_wconf 91' lang='lat' dir='ltr'>loco</span> <span class='ocrx_word' id='word_1_201' title='bbox 1040 1987 1270 2029; x_wconf 87' lang='lat' dir='ltr'>formarum</span> <span class='ocrx_word' id='word_1_202' title='bbox 1300 1991 1514 2032; x_wconf 89' lang='lat' dir='ltr'>communi</span> 
     </span>
     <span class='ocr_line' id='line_1_26' title="bbox 76 2056 1514 2102; baseline 0.003 -4"><span class='ocrx_word' id='word_1_203' title='bbox 76 2056 326 2099; x_wconf 80' lang='lat' dir='ltr'>Graecorum</span> <span class='ocrx_word' id='word_1_204' title='bbox 367 2071 557 2098; x_wconf 89' lang='lat' dir='ltr'>sermone</span> <span class='ocrx_word' id='word_1_205' title='bbox 592 2057 781 2099; x_wconf 86' lang='lat' dir='ltr'>tritarum</span> <span class='ocrx_word' id='word_1_206' title='bbox 824 2057 987 2099; x_wconf 87' lang='lat' dir='ltr'>Ionicas</span> <span class='ocrx_word' id='word_1_207' title='bbox 1026 2057 1246 2100; x_wconf 85' lang='lat' dir='ltr'>verborum</span> <span class='ocrx_word' id='word_1_208' title='bbox 1278 2058 1431 2101; x_wconf 85' lang='lat' dir='ltr'>formas</span> <span class='ocrx_word' id='word_1_209' title='bbox 1465 2061 1514 2102; x_wconf 89' lang='lat' dir='ltr'>li-</span> 
     </span>
     <span class='ocr_line' id='line_1_27' title="bbox 72 2125 1514 2184; baseline 0.003 -17"><span class='ocrx_word' id='word_1_210' title='bbox 72 2125 139 2168; x_wconf 90' lang='lat' dir='ltr'>bri</span> <span class='ocrx_word' id='word_1_211' title='bbox 173 2134 329 2168; x_wconf 89' lang='lat' dir='ltr'>veteres</span> <span class='ocrx_word' id='word_1_212' title='bbox 369 2125 626 2177; x_wconf 88' lang='lat' dir='ltr'>exhiberent,</span> <span class='ocrx_word' id='word_1_213' title='bbox 668 2141 729 2168; x_wconf 89' lang='lat' dir='ltr'>eae</span> <span class='ocrx_word' id='word_1_214' title='bbox 768 2141 854 2168; x_wconf 92' lang='lat' dir='ltr'>non</span> <span class='ocrx_word' id='word_1_215' title='bbox 894 2127 1218 2184; x_wconf 84' lang='lat' dir='ltr'>negligerentur,</span> <span class='ocrx_word' id='word_1_216' title='bbox 1258 2129 1329 2170; x_wconf 89' lang='lat' dir='ltr'>sed</span> <span class='ocrx_word' id='word_1_217' title='bbox 1370 2129 1514 2172; x_wconf 87' lang='lat' dir='ltr'>Ionice</span> 
     </span>
     <span class='ocr_line' id='line_1_28' title="bbox 69 2195 1514 2255; baseline 0.003 -18"><span class='ocrx_word' id='word_1_218' title='bbox 69 2195 255 2251; x_wconf 90' lang='lat' dir='ltr'>loquenti</span> <span class='ocrx_word' id='word_1_219' title='bbox 285 2196 598 2238; x_wconf 89' lang='lat' dir='ltr'>restituerentur</span> <span class='ocrx_word' id='word_1_220' title='bbox 620 2196 840 2251; x_wconf 84' lang='lat' dir='ltr'>Scriptori:</span> <span class='ocrx_word' id='word_1_221' title='bbox 872 2204 996 2253; x_wconf 86' lang='lat' dir='ltr'>atque</span> <span class='ocrx_word' id='word_1_222' title='bbox 1028 2197 1071 2238; x_wconf 88' lang='lat' dir='ltr'>in</span> <span class='ocrx_word' id='word_1_223' title='bbox 1092 2197 1172 2239; x_wconf 90' lang='lat' dir='ltr'>hoc</span> <span class='ocrx_word' id='word_1_224' title='bbox 1208 2198 1339 2240; x_wconf 84' lang='lat' dir='ltr'>etiam&#39;</span> <span class='ocrx_word' id='word_1_225' title='bbox 1361 2213 1514 2255; x_wconf 89' lang='lat' dir='ltr'>genere</span> 
     </span>
     <span class='ocr_line' id='line_1_29' title="bbox 68 2263 1512 2324; baseline 0.003 -18"><span class='ocrx_word' id='word_1_226' title='bbox 68 2263 230 2321; x_wconf 88' lang='lat' dir='ltr'>largam</span> <span class='ocrx_word' id='word_1_227' title='bbox 265 2279 438 2307; x_wconf 88' lang='lat' dir='ltr'>messem</span> <span class='ocrx_word' id='word_1_228' title='bbox 473 2265 594 2306; x_wconf 90' lang='lat' dir='ltr'>nobis</span> <span class='ocrx_word' id='word_1_229' title='bbox 629 2265 830 2322; x_wconf 86' lang='lat' dir='ltr'>reliquam</span> <span class='ocrx_word' id='word_1_230' title='bbox 869 2266 965 2308; x_wconf 87' lang='lat' dir='ltr'>fecit</span> <span class='ocrx_word' id='word_1_231' title='bbox 999 2266 1268 2324; x_wconf 87' lang='lat' dir='ltr'>Wesselingii</span> <span class='ocrx_word' id='word_1_232' title='bbox 1297 2267 1512 2310; x_wconf 87' lang='lat' dir='ltr'>industria.</span> 
     </span>
     <span class='ocr_line' id='line_1_30' title="bbox 70 2334 1512 2391; baseline 0.003 -15"><span class='ocrx_word' id='word_1_233' title='bbox 70 2334 162 2378; x_wconf 92' lang='lat' dir='ltr'>Nec</span> <span class='ocrx_word' id='word_1_234' title='bbox 192 2350 290 2378; x_wconf 90' lang='lat' dir='ltr'>vero</span> <span class='ocrx_word' id='word_1_235' title='bbox 322 2336 555 2391; x_wconf 88' lang='lat' dir='ltr'>putandum</span> <span class='ocrx_word' id='word_1_236' title='bbox 585 2344 658 2386; x_wconf 89' lang='lat' dir='ltr'>est,</span> <span class='ocrx_word' id='word_1_237' title='bbox 680 2337 838 2379; x_wconf 89' lang='lat' dir='ltr'>cunctis</span> <span class='ocrx_word' id='word_1_238' title='bbox 869 2337 926 2378; x_wconf 91' lang='lat' dir='ltr'>eis</span> <span class='ocrx_word' id='word_1_239' title='bbox 956 2337 998 2377; x_wconf 91' lang='lat' dir='ltr'>in</span> <span class='ocrx_word' id='word_1_240' title='bbox 1019 2336 1132 2387; x_wconf 88' lang='lat' dir='ltr'>locis,</span> <span class='ocrx_word' id='word_1_241' title='bbox 1156 2337 1228 2378; x_wconf 91' lang='lat' dir='ltr'>ubi</span> <span class='ocrx_word' id='word_1_242' title='bbox 1255 2337 1379 2378; x_wconf 89' lang='lat' dir='ltr'>etiam</span> <span class='ocrx_word' id='word_1_243' title='bbox 1399 2352 1512 2380; x_wconf 91' lang='lat' dir='ltr'>nunc</span> 
     </span>
     <span class='ocr_line' id='line_1_31' title="bbox 68 2403 1512 2463; baseline 0.002 -17"><span class='ocrx_word' id='word_1_244' title='bbox 68 2403 216 2448; x_wconf 89' lang='lat' dir='ltr'>formae</span> <span class='ocrx_word' id='word_1_245' title='bbox 231 2405 451 2448; x_wconf 87' lang='lat' dir='ltr'>verborum</span> <span class='ocrx_word' id='word_1_246' title='bbox 473 2420 712 2448; x_wconf 91' lang='lat' dir='ltr'>communes</span> <span class='ocrx_word' id='word_1_247' title='bbox 733 2406 1014 2462; x_wconf 84' lang='lat' dir='ltr'>praeeuntibus</span> <span class='ocrx_word' id='word_1_248' title='bbox 1029 2406 1144 2448; x_wconf 91' lang='lat' dir='ltr'>libris</span> <span class='ocrx_word' id='word_1_249' title='bbox 1156 2407 1353 2448; x_wconf 83' lang='lat' dir='ltr'>omnibus</span> <span class='ocrx_word' id='word_1_250' title='bbox 1370 2422 1512 2463; x_wconf 87' lang='lat' dir='ltr'>super-</span> 
     </span>
     <span class='ocr_line' id='line_1_32' title="bbox 68 2474 1510 2532; baseline 0.002 -17"><span class='ocrx_word' id='word_1_251' title='bbox 68 2482 179 2525; x_wconf 89' lang='lat' dir='ltr'>sunt,</span> <span class='ocrx_word' id='word_1_252' title='bbox 194 2489 323 2530; x_wconf 88' lang='lat' dir='ltr'>quum</span> <span class='ocrx_word' id='word_1_253' title='bbox 339 2474 437 2516; x_wconf 89' lang='lat' dir='ltr'>alibi</span> <span class='ocrx_word' id='word_1_254' title='bbox 457 2475 500 2515; x_wconf 89' lang='lat' dir='ltr'>in</span> <span class='ocrx_word' id='word_1_255' title='bbox 521 2475 674 2517; x_wconf 88' lang='lat' dir='ltr'>eisdem</span> <span class='ocrx_word' id='word_1_256' title='bbox 695 2475 829 2517; x_wconf 91' lang='lat' dir='ltr'>verbis</span> <span class='ocrx_word' id='word_1_257' title='bbox 859 2475 991 2518; x_wconf 69' lang='lat' dir='ltr'>forma</span> <span class='ocrx_word' id='word_1_258' title='bbox 1015 2475 1186 2518; x_wconf 91' lang='lat' dir='ltr'>Ionibus</span> <span class='ocrx_word' id='word_1_259' title='bbox 1209 2475 1376 2532; x_wconf 64' lang='lat' dir='ltr'>propria</span> <span class='ocrx_word' id='word_1_260' title='bbox 1388 2491 1510 2519; x_wconf 86' lang='lat' dir='ltr'>usum</span> 
     </span>
     <span class='ocr_line' id='line_1_33' title="bbox 67 2543 1509 2600; baseline 0.002 -16"><span class='ocrx_word' id='word_1_261' title='bbox 67 2557 154 2584; x_wconf 86' lang='lat' dir='ltr'>esse</span> <span class='ocrx_word' id='word_1_262' title='bbox 185 2543 396 2585; x_wconf 89' lang='lat' dir='ltr'>videamus</span> <span class='ocrx_word' id='word_1_263' title='bbox 429 2544 698 2599; x_wconf 89' lang='lat' dir='ltr'>Scriptorem,</span> <span class='ocrx_word' id='word_1_264' title='bbox 730 2560 804 2600; x_wconf 88' lang='lat' dir='ltr'>per</span> <span class='ocrx_word' id='word_1_265' title='bbox 836 2545 1097 2587; x_wconf 88' lang='lat' dir='ltr'>librariorum</span> <span class='ocrx_word' id='word_1_266' title='bbox 1129 2553 1200 2586; x_wconf 89' lang='lat' dir='ltr'>aut</span> <span class='ocrx_word' id='word_1_267' title='bbox 1235 2546 1509 2587; x_wconf 86' lang='lat' dir='ltr'>temeritatem</span> 
     </span>
     <span class='ocr_line' id='line_1_34' title="bbox 69 2613 1512 2669; baseline 0.001 -15"><span class='ocrx_word' id='word_1_268' title='bbox 69 2621 142 2654; x_wconf 88' lang='lat' dir='ltr'>aut</span> <span class='ocrx_word' id='word_1_269' title='bbox 162 2613 391 2654; x_wconf 88' lang='lat' dir='ltr'>socordiam</span> <span class='ocrx_word' id='word_1_270' title='bbox 425 2628 510 2654; x_wconf 88' lang='lat' dir='ltr'>esse</span> <span class='ocrx_word' id='word_1_271' title='bbox 530 2613 618 2655; x_wconf 87' lang='lat' dir='ltr'>illas</span> <span class='ocrx_word' id='word_1_272' title='bbox 639 2614 831 2656; x_wconf 89' lang='lat' dir='ltr'>invectas.</span> <span class='ocrx_word' id='word_1_273' title='bbox 893 2614 1073 2656; x_wconf 87' lang='lat' dir='ltr'>Licitum</span> <span class='ocrx_word' id='word_1_274' title='bbox 1105 2613 1182 2655; x_wconf 86' lang='lat' dir='ltr'>fuit</span> <span class='ocrx_word' id='word_1_275' title='bbox 1213 2614 1358 2655; x_wconf 92' lang='lat' dir='ltr'>Ionico</span> <span class='ocrx_word' id='word_1_276' title='bbox 1384 2614 1512 2669; x_wconf 91' lang='lat' dir='ltr'>scrip-</span> 
     </span>
     <span class='ocr_line' id='line_1_35' title="bbox 72 2681 1512 2739; baseline 0.001 -16"><span class='ocrx_word' id='word_1_277' title='bbox 72 2681 154 2723; x_wconf 89' lang='lat' dir='ltr'>tori</span> <span class='ocrx_word' id='word_1_278' title='bbox 169 2682 460 2724; x_wconf 89' lang='lat' dir='ltr'>communibus</span> <span class='ocrx_word' id='word_1_279' title='bbox 496 2682 717 2724; x_wconf 91' lang='lat' dir='ltr'>verborum</span> <span class='ocrx_word' id='word_1_280' title='bbox 752 2683 894 2725; x_wconf 90' lang='lat' dir='ltr'>formis</span> <span class='ocrx_word' id='word_1_281' title='bbox 925 2684 1160 2739; x_wconf 89' lang='lat' dir='ltr'>promiscue</span> <span class='ocrx_word' id='word_1_282' title='bbox 1180 2692 1304 2739; x_wconf 90' lang='lat' dir='ltr'>atque</span> <span class='ocrx_word' id='word_1_283' title='bbox 1339 2683 1420 2724; x_wconf 87' lang='lat' dir='ltr'>illis</span> <span class='ocrx_word' id='word_1_284' title='bbox 1451 2682 1512 2724; x_wconf 92' lang='lat' dir='ltr'>uti</span> 
     </span>
     <span class='ocr_line' id='line_1_36' title="bbox 73 2751 1512 2808; baseline 0.003 -17"><span class='ocrx_word' id='word_1_285' title='bbox 73 2763 168 2804; x_wconf 84' lang='lat' dir='ltr'>quae</span> <span class='ocrx_word' id='word_1_286' title='bbox 189 2751 362 2794; x_wconf 90' lang='lat' dir='ltr'>Ionibus</span> <span class='ocrx_word' id='word_1_287' title='bbox 382 2753 564 2808; x_wconf 88' lang='lat' dir='ltr'>propriae</span> <span class='ocrx_word' id='word_1_288' title='bbox 591 2764 722 2796; x_wconf 90' lang='lat' dir='ltr'>erant:</span> <span class='ocrx_word' id='word_1_289' title='bbox 755 2762 796 2796; x_wconf 91' lang='lat' dir='ltr'>et</span> <span class='ocrx_word' id='word_1_290' title='bbox 815 2754 928 2796; x_wconf 89' lang='lat' dir='ltr'>haud</span> <span class='ocrx_word' id='word_1_291' title='bbox 948 2754 1083 2797; x_wconf 84' lang='lat' dir='ltr'>dubiis</span> <span class='ocrx_word' id='word_1_292' title='bbox 1103 2754 1361 2796; x_wconf 86' lang='lat' dir='ltr'>documentis</span> <span class='ocrx_word' id='word_1_293' title='bbox 1391 2754 1512 2795; x_wconf 90' lang='lat' dir='ltr'>intel-</span> 
     </span>
     <span class='ocr_line' id='line_1_37' title="bbox 68 2816 1508 2874; baseline 0.003 -15"><span class='ocrx_word' id='word_1_294' title='bbox 68 2816 214 2862; x_wconf 86' lang='lat' dir='ltr'>lexisse</span> <span class='ocrx_word' id='word_1_295' title='bbox 234 2821 337 2862; x_wconf 92' lang='lat' dir='ltr'>mihi</span> <span class='ocrx_word' id='word_1_296' title='bbox 357 2821 513 2873; x_wconf 90' lang='lat' dir='ltr'>videor,</span> <span class='ocrx_word' id='word_1_297' title='bbox 536 2831 582 2865; x_wconf 88' lang='lat' dir='ltr'>ut</span> <span class='ocrx_word' id='word_1_298' title='bbox 602 2823 703 2865; x_wconf 90' lang='lat' dir='ltr'>olim</span> <span class='ocrx_word' id='word_1_299' title='bbox 725 2823 976 2874; x_wconf 89' lang='lat' dir='ltr'>Homerum,</span> <span class='ocrx_word' id='word_1_300' title='bbox 1000 2824 1057 2865; x_wconf 91' lang='lat' dir='ltr'>sic</span> <span class='ocrx_word' id='word_1_301' title='bbox 1077 2824 1199 2866; x_wconf 85' lang='lat' dir='ltr'>etiam</span> <span class='ocrx_word' id='word_1_302' title='bbox 1224 2822 1508 2873; x_wconf 87' lang='lat' dir='ltr'>Herodotum,</span> 
     </span>
    </p>
   </div>
   <div class='ocr_carea' id='block_1_5' title="bbox 118 2964 1452 3008">
    <p class='ocr_par' dir='ltr' id='par_1_5' title="bbox 118 2964 1452 3008">
     <span class='ocr_line' id='line_1_38' title="bbox 118 2964 1452 3008; baseline 0.001 -13"><span class='ocrx_word' id='word_1_303' title='bbox 118 2965 135 2983; x_wconf 64' lang='lat'>⁷*</span> <span class='ocrx_word' id='word_1_304' title='bbox 161 2964 286 3005; x_wconf 90' lang='lat' dir='ltr'>Nempe</span> <span class='ocrx_word' id='word_1_305' title='bbox 300 2965 333 2997; x_wconf 88' lang='lat' dir='ltr'>id</span> <span class='ocrx_word' id='word_1_306' title='bbox 349 2967 529 3008; x_wconf 49' lang='lat' dir='ltr'>frequenter</span> <span class='ocrx_word' id='word_1_307' title='bbox 543 2967 576 2998; x_wconf 90' lang='lat' dir='ltr'>in</span> <span class='ocrx_word' id='word_1_308' title='bbox 594 2967 860 2999; x_wconf 83' lang='lat' dir='ltr'>Adnotationibus</span> <span class='ocrx_word' id='word_1_309' title='bbox 874 2979 893 2999; x_wconf 87' lang='lat' dir='ltr'>a</span> <span class='ocrx_word' id='word_1_310' title='bbox 909 2969 988 2999; x_wconf 91' lang='lat' dir='ltr'>Viro</span> <span class='ocrx_word' id='word_1_311' title='bbox 1003 2967 1258 3008; x_wconf 78' lang='lat' dir='ltr'>praestantissimo</span> <span class='ocrx_word' id='word_1_312' title='bbox 1268 2967 1452 3008; x_wconf 69' lang='lat' dir='ltr'>praestitum.</span> 
     </span>
    </p>
   </div>
  </div>
 </body>
</html>
