1763 3116
666 175 937 207 PRAEFATIO.
1463 156 1510 202 ix

79 315 172 344 rum
188 315 199 350 3
228 300 299 356 qui
321 299 364 340 in
383 298 563 357 legendo
584 299 795 353 scriptore,
827 299 941 340 seriei
962 299 1169 354 nexuique
1188 310 1327 338 rerum
1348 295 1510 344 intenti,

74 370 254 429 graviter
272 369 423 419 ferunt,
445 368 478 409 si
498 368 647 409 criticis
663 367 833 418 notulis,
855 368 906 409 ad
929 368 1186 424 singulorum
1206 366 1428 408 verborum
1448 379 1509 405 se-

74 439 227 481 lectum
256 437 498 493 plerumque
525 436 817 492 spectantibus,
848 437 1162 492 interrumpitur
1182 435 1354 477 attentio
1385 433 1510 475 animi

74 515 114 550 et
135 507 189 549 ad
209 507 380 557 minuta,
403 521 496 562 quae
517 506 684 562 quidem
700 506 796 560 ipsis
816 505 1020 556 videntur,
1034 505 1288 546 distrahitur.
1349 503 1508 552 Quare,

74 577 235 633 abjecto
269 576 340 618 illo
379 575 566 626 consilio,
603 575 947 617 consultissimum
979 575 1080 616 duxi
1119 575 1354 616 universum
1391 571 1513 613 simul

74 646 320 701 adparatum
352 645 575 687 Variarum
606 645 868 696 Lectionum,
900 659 993 701 quae
1014 644 1066 686 ad
1087 659 1292 701 quemque
1318 641 1512 684 editionis

73 714 194 770 hujus
208 721 370 757 tomum
391 714 659 770 pertinerent,
682 721 868 770 separata
900 723 1017 769 parte
1037 714 1094 755 ita
1121 713 1352 769 complecti,
1387 719 1435 753 ut
1463 710 1511 751 il-

64 783 206 826 larum
246 783 427 840 partium
462 797 651 839 quaeque,
700 797 777 837 pro
820 783 1019 824 lectorum
1056 783 1239 832 arbitrio,
1282 781 1347 823 vel
1394 781 1513 822 simul

73 866 171 894 cum
191 867 239 895 ea
259 859 378 908 parte
411 866 505 908 quae
535 858 776 893 contextum
807 851 1002 902 continet,
1035 866 1120 892 uno
1140 851 1368 906 eodemque
1398 849 1512 890 volu-

72 921 185 964 mine
203 931 339 977 posset
358 921 585 977 compingi,
607 920 672 962 vel
687 920 855 962 seorsim
872 935 946 976 per
966 935 1009 962 se
1029 928 1246 977 compacta
1265 920 1348 961 sive
1369 919 1514 974 seponi

70 997 207 1046 posset
226 990 279 1032 ab
298 989 363 1031 his
383 989 455 1046 qui
473 989 565 1031 haec
586 989 686 1032 talia
710 990 843 1031 minus
865 997 1025 1042 curant,
1048 991 1131 1032 sive
1157 991 1263 1032 inter
1285 988 1510 1047 legendum

70 1074 96 1100 a
114 1060 243 1101 latere
261 1059 411 1115 prioris
431 1059 557 1114 partis
588 1059 688 1114 poni
719 1060 1057 1116 commodiusque
1086 1060 1236 1115 inspici
1267 1059 1319 1100 ab
1349 1058 1420 1109 eis,
1442 1059 1514 1114 qui

71 1129 117 1170 in
136 1128 237 1171 locis
256 1128 487 1184 quibusque
517 1128 828 1178 difficilioribus,
851 1136 923 1170 aut
943 1130 975 1170 si
996 1144 1077 1184 qua
1097 1129 1189 1170 loca
1209 1136 1397 1183 suspecta
1417 1127 1515 1183 ipsis

73 1197 280 1248 videntur,
300 1198 500 1238 continuo
520 1211 769 1253 cognoscere
800 1197 973 1252 cupiunt
1004 1197 1104 1253 quid
1135 1197 1185 1238 sit
1217 1196 1330 1253 quod
1360 1195 1513 1236 ibidem

72 1265 165 1308 aliae
185 1266 384 1307 editiones
404 1266 523 1307 aliive
553 1265 714 1307 codices
743 1266 1013 1322 manuscripti
1045 1266 1279 1322 praeferant.
1329 1265 1516 1306 Rariori-

72 1334 150 1376 bus
184 1342 323 1377 tamen
355 1335 564 1377 nonnullis
594 1336 637 1375 in
673 1335 771 1377 locis
802 1336 881 1390 ipsi
918 1336 1055 1377 statim
1086 1335 1298 1377 contextui
1329 1334 1515 1376 criticam

71 1402 257 1445 notulam
287 1402 441 1458 placuit
475 1403 690 1458 subjicere:
724 1402 780 1443 ibi
808 1404 1040 1458 praesertim
1069 1404 1141 1445 ubi
1174 1412 1244 1444 aut
1280 1418 1332 1444 ex
1352 1403 1516 1459 conjec-

73 1478 167 1512 tura
195 1471 351 1527 aliquid
381 1472 425 1512 in
454 1479 651 1512 contextu
681 1472 861 1526 positum
897 1480 973 1523 est,
1002 1472 1151 1514 nullius
1180 1472 1327 1513 veteris
1362 1471 1515 1513 codicis

12 1579 14 1582 .
74 1539 317 1581 auctoritate
336 1539 564 1589 firmatum,
587 1547 658 1580 aut
674 1540 745 1580 ubi
776 1539 949 1581 diversae
969 1541 1177 1590 lectiones,
1214 1554 1309 1595 quae
1330 1540 1383 1581 de
1402 1540 1517 1595 prin-

72 1609 212 1664 cipatu
244 1609 351 1650 inter
386 1624 428 1649 se
447 1608 698 1649 contendere
718 1623 837 1663 posse
864 1609 1126 1660 videbantur,
1161 1624 1248 1651 non
1278 1609 1333 1651 ad
1353 1609 1514 1666 singula

73 1677 199 1718 verba
217 1676 327 1719 idem
358 1676 646 1734 significantia,
673 1686 744 1717 aut
774 1677 828 1718 ad
864 1678 992 1719 solam
1012 1678 1235 1719 verborum
1255 1677 1432 1720 formam
1453 1692 1514 1720 se-

74 1745 240 1796 riemve,
263 1745 335 1788 sed
365 1745 419 1787 ad
439 1760 527 1787 rem
548 1746 679 1801 ipsam
701 1747 1030 1803 sententiamque
1050 1746 1324 1802 pertinebant.

136 1879 238 1921 Post
258 1879 401 1921 Graeci
420 1878 601 1934 exempli
632 1880 969 1921 constitutionem
1000 1882 1193 1936 proxima
1211 1881 1332 1923 nobis
1353 1896 1452 1923 cura
1471 1882 1516 1923 in

78 1947 274 1990 Latinam
295 1948 540 1990 Versionem
570 1948 849 2003 impendenda
879 1949 966 1990 visa
996 1959 1104 1999 erat;
1135 1965 1261 2006 quam
1281 1967 1306 1992 a
1335 1966 1377 1992 se
1397 1965 1518 2006 paene

78 2032 245 2074 prorsus
279 2018 509 2075 neglectam
545 2033 631 2060 esse
668 2018 1016 2060 WESSELINGms
1046 2019 1111 2060 his
1142 2020 1279 2062 verbis
1313 2020 1518 2076 professus

80 2093 141 2127 est
155 2087 192 2127 t*
233 2091 260 2114 ‘⁶
282 2086 416 2128 Vallae
447 2086 616 2137 Latina,
638 2087 784 2142 inquit,
807 2089 1083 2143 praeeuntium
1103 2104 1220 2131 more
1251 2089 1413 2132 Graecis
1443 2090 1520 2131 ad-

79 2160 111 2181 “
127 2156 276 2211 junxi3
308 2170 394 2198 non
429 2156 497 2197 illa
526 2156 712 2212 profecto
742 2159 913 2213 optima,
946 2158 1017 2199 sed
1049 2175 1074 2199 a
1101 2159 1252 2201 clariss.
1296 2159 1515 2202 Gronovio

78 2227 107 2250 “
127 2223 391 2266 multifariam
410 2233 600 2281 purgata,
629 2233 682 2274 et,
720 2226 848 2267 sicubi
883 2228 911 2266 ἐν
933 2231 984 2280 τῷ
1001 2229 1134 2279 κειμένῳ
1168 2227 1323 2283 aliquid
1344 2228 1516 2269 innova-

82 2298 112 2320 “
130 2300 235 2343 tum,
271 2308 296 2334 a
315 2307 382 2336 me
415 2309 592 2350 quoque.
655 2288 898 2337 Maluissem
933 2296 1136 2353 equidem,
1170 2304 1217 2339 ut
1252 2297 1513 2348 suavissimus

83 2366 116 2389 “
134 2361 309 2417 scriptor
338 2377 387 2403 ea
405 2362 581 2404 dialecto
609 2363 663 2405 ab
683 2365 875 2406 omnibus
905 2373 1120 2417 tereretur,
1143 2381 1224 2422 qua
1253 2366 1422 2424 agnosci
1443 2381 1514 2408 vo·

83 2435 110 2457 “
129 2428 219 2471 luit.
281 2429 379 2480 Sed,
416 2431 477 2472 uti
506 2431 687 2473 seculum
718 2441 790 2483 est,
823 2433 975 2476 Latina
1014 2435 1297 2490 postulantum
1347 2444 1512 2477 maneat

85 2503 114 2526 ‘⁶
149 2497 325 2553 proinde
355 2498 437 2540 hoc
460 2499 620 2541 Catone
644 2516 719 2556 per
747 2516 815 2543 me
845 2503 1126 2545 contentum.”
1142 2505 1307 2546 —Jam
1327 2503 1405 2546 fuit
1424 2505 1514 2560 qui-

82 2567 180 2608 dem
211 2567 460 2610 Laurentius
493 2568 561 2610 ille
580 2569 701 2611 Valla
730 2570 1025 2629 elegantiarum
1060 2573 1306 2615 Latinarum
1325 2574 1513 2629 inprimis

83 2635 246 2686 callens,
269 2644 311 2678 at
326 2651 411 2679 non
430 2637 607 2693 proinde
637 2638 779 2681 Graeci
799 2643 996 2683 sermonis
1017 2642 1186 2685 scientia
1205 2643 1410 2692 imbutus3
1442 2657 1515 2683 cu-

78 2704 147 2760 jus
181 2704 458 2761 adipiscendae
491 2706 630 2749 multis
661 2708 785 2750 etiam
812 2717 910 2752 tunc
941 2711 1145 2762 subsidiis,
1179 2727 1273 2769 quae
1297 2711 1416 2753 nobis
1436 2710 1514 2753 hac

82 2779 207 2816 aetate
220 2773 266 2816 in
284 2784 453 2831 promtu
472 2783 583 2830 sunt,
599 2775 782 2820 destituti
813 2786 932 2821 erant
951 2780 1175 2823 doctissimi
1205 2781 1294 2824 viri.
1355 2778 1511 2830 Quare,

577 2905 596 2924 ¹*
623 2905 689 2938 Sub
703 2903 800 2936 finem
817 2905 1024 2938 Praefationis.

128 2952 232 2992 Vor..
252 2954 284 2991 Ι.
773 2959 800 3000 b
