1763 3116
231 167 332 215 xliv
793 181 1067 214 PRAEFATIO.

238 307 430 363 pertinet,
461 305 592 360 quod,
622 306 655 347 si
689 307 759 361 qui
778 305 857 346 loci
886 305 951 346 vel
981 304 1034 346 ab
1063 304 1209 345 eodem
1244 304 1538 361 Wesselingio,
1569 304 1633 345 vel
1653 319 1680 346 a

241 373 516 418 Valckenario
535 373 778 426 praesertim,
811 373 918 428 (viro
938 371 1251 428 exquisitissime
1281 372 1420 422 docto,
1453 371 1524 412 sed
1545 371 1615 427 qui
1636 372 1680 412 in

238 445 319 486 hoc
338 457 491 498 genere
511 456 619 497 saepe
639 442 791 484 nimius
810 442 933 484 fuisse
952 442 1134 494 videtur)
1150 456 1228 497 pro
1250 441 1397 496 spuriis
1418 449 1513 482 sunt
1532 439 1682 491 habiti,

239 527 308 554 eos
329 527 351 552 e
381 519 580 553 contextu
611 526 779 566 prorsus
810 511 1050 560 eliminavit,
1088 525 1142 551 ne
1174 510 1365 566 adposito
1393 509 1561 565 quidem
1596 509 1683 550 ullo

239 580 336 622 facti
355 580 523 622 indicio.
585 580 637 622 In
667 596 751 636 quo
781 589 920 622 tamen
940 579 1042 621 illud
1072 579 1346 630 laudandum,
1377 579 1508 636 quod,
1539 593 1592 620 ne
1612 593 1684 620 ne-

242 650 393 692 scirent
424 649 597 691 lectores
630 664 810 705 quorum
841 650 886 691 id
912 650 1139 699 interesset,
1171 649 1273 705 quid
1303 664 1469 705 quoque
1498 648 1592 690 loco
1623 647 1686 689 vel

243 718 514 776 Wesselingii
534 719 596 760 vel
619 718 815 761 Schaeferi
835 719 1029 775 praeferat
1045 719 1299 774 exemplum,
1331 719 1376 759 in
1405 718 1516 760 calce
1536 718 1686 773 operis,

244 790 367 831 tertio
397 788 618 839 volumine,
643 789 874 831 varietates
903 788 1089 831 lectionis
1119 788 1369 830 recensionis
1392 786 1691 844 Wesselingia·

243 872 310 900 nae
331 865 372 900 et
393 857 684 900 Schaeferianae
704 858 904 900 exhibuit.
929 859 951 882 ’ᾖ

304 997 465 1038 Praeter
486 996 702 1037 Editiones
731 996 868 1038 adhuc
898 1002 1173 1046 enumeratas,
1206 1004 1344 1052 partes
1364 995 1486 1037 etiam
1508 993 1690 1036 nonnul-

244 1066 297 1108 lae
319 1065 604 1107 Historiarum
628 1065 853 1115 Herodoti,
875 1066 1057 1106 minores
1077 1065 1184 1115 aliae,
1215 1065 1307 1107 aliae
1327 1065 1515 1120 majores,
1547 1080 1572 1105 a
1591 1063 1692 1105 doc-

245 1136 296 1177 tis
331 1134 578 1191 quibusdam
609 1135 720 1185 viris,
752 1135 989 1177 scholarum
1019 1135 1201 1177 maxime
1228 1135 1271 1176 in
1294 1149 1427 1184 usum,
1460 1134 1585 1175 editae
1619 1147 1690 1175 ex—

245 1213 371 1255 stant,
403 1205 512 1246 notis
532 1205 655 1246 etiam
672 1204 734 1246 vel
764 1205 915 1246 criticis
944 1204 1004 1246 vel
1025 1203 1078 1246 ad
1099 1204 1483 1258 interpretationem
1506 1210 1695 1258 spectan-

247 1275 356 1317 tibus
395 1274 622 1316 illustratae.
708 1273 904 1322 Quorum
940 1274 1123 1315 virorum
1157 1288 1286 1328 opera
1321 1273 1512 1329 scriptori
1547 1280 1694 1314 nostro

247 1353 398 1388 navata
417 1359 547 1402 quum
568 1354 609 1386 et
630 1344 784 1400 alioqui
818 1344 1028 1386 laudanda
1049 1343 1114 1394 sit,
1146 1351 1187 1385 et
1220 1358 1245 1384 a
1280 1343 1400 1384 nobis
1436 1341 1612 1384 subinde
1633 1341 1695 1383 vel

246 1416 291 1457 in
324 1415 535 1457 Varietate
574 1413 787 1455 Lectionis
817 1413 881 1455 vel
913 1413 958 1454 in
992 1411 1354 1454 Adnotationibus
1398 1411 1548 1453 nostris
1574 1408 1700 1451 fuerit

248 1492 499 1534 memorata3
521 1483 634 1524 haud
653 1483 731 1524 erit
751 1482 804 1524 ab
824 1481 906 1524 hoc
924 1482 1021 1524 loco
1041 1482 1239 1532 alienum,
1261 1481 1295 1522 si
1310 1481 1512 1523 librorum
1533 1494 1694 1530 eorum,

249 1554 399 1610 quibus
421 1552 668 1594 Herodotea
688 1551 758 1593 illa
777 1552 1059 1602 continentur,
1091 1564 1308 1592 recensum
1328 1549 1397 1591 hic
1418 1550 1621 1604 adjecero.

310 1692 446 1749 Igitur
457 1691 500 1731 in
516 1690 542 1731 J
545 1705 585 1732 o.
610 1689 840 1731 MATTHIAE
856 1689 1060 1731 GEsNEm
1078 1687 1416 1731 Chrestomathia
1430 1687 1596 1737 Graeca,
1610 1693 1697 1728 tarn

253 1761 343 1804 utili
364 1775 489 1816 quam
510 1760 606 1801 satis
626 1767 728 1801 noto
749 1760 980 1815 saepiusque
1000 1759 1109 1815 typis
1129 1773 1274 1800 recuso
1294 1757 1447 1808 libello,
1479 1755 1700 1798 exhibetur

297 1921 316 1938 ⁸
342 1918 436 1948 Idem
459 1916 504 1946 vir
524 1916 705 1952 industrius
730 1917 770 1947 de
798 1916 957 1947 Herodoti

254 1972 401 2003 studiosis
415 1972 559 2012 quoquo?
571 1971 667 2001 modo
682 1977 785 2010 posset
798 1972 880 2000 bene
889 1982 954 2000 me-

255 2027 383 2062 ritums,
410 2032 481 2066 post
502 2025 637 2065 primam
660 2026 831 2055 Musarum
845 2023 955 2055 editio-

255 2090 329 2111 nem
353 2091 371 2110 a
407 2090 441 2110 se
468 2085 674 2119 procuratam,
707 2079 776 2119 jam
805 2080 843 2109 ab
873 2088 958 2108 anno

257 2145 418 2165 MDccxcv.
449 2133 489 2164 ad
515 2143 635 2164 annum
673 2143 781 2163 xcvm.
819 2132 960 2174 quinque

256 2187 481 2220 minutioribus
488 2186 701 2218 voluminibus
711 2187 851 2218 ediderat
863 2191 882 2206 ‘²
892 2187 960 2226 Ap-

258 2251 404 2284 paratum
426 2242 467 2272 ad
490 2242 695 2273 Herodotum
716 2241 960 2283 intelligendum

259 2304 291 2328 et
313 2296 625 2337 interpretandum:”
663 2306 799 2338 quorum
820 2296 960 2336 primum

259 2353 417 2387 volumen,
445 2350 657 2391 Chronologia
678 2357 710 2381 et
734 2350 829 2381 Crisis
853 2351 960 2381 Hero.

262 2407 356 2437 dotea
369 2406 563 2445 inscriptum,
588 2405 727 2436 continet
744 2404 892 2435 Lai-cheri
907 2414 960 2434 co-

261 2461 382 2501 piosam
395 2461 435 2490 de
452 2459 665 2500 Chronologia
681 2458 839 2490 Herodoti
854 2458 962 2498 dispu-

256 2516 418 2557 tationem,
436 2525 474 2545 ex
493 2514 617 2545 Gallico
631 2514 665 2544 in
681 2513 830 2544 Latinam
844 2522 961 2543 sermo-

262 2580 336 2600 nem
352 2569 544 2600 translatam.
592 2568 735 2610 Reliquis
755 2573 891 2609 quatuor
905 2577 959 2597 vo-

262 2624 436 2656 luminibus
455 2624 618 2654 exhibetur
638 2625 819 2664 Apparatus
837 2621 962 2653 criticus

266 2679 304 2711 ad
320 2679 572 2711 constituendam
587 2677 749 2711 Lectionis
770 2676 963 2709 Herodoteae

1000 1917 1226 1958 integritatem:
1240 1915 1296 1957 qui
1305 1914 1432 1956 quidem
1444 1920 1611 1955 apparatus
1617 1919 1702 1945 totus

1000 1972 1114 2012 partim
1127 1983 1144 2002 e
1153 1971 1315 2002 Varietate
1327 1970 1490 2001 Lectionis
1500 1980 1519 2000 a
1528 1968 1701 2000 Wesselin-

1001 2027 1056 2067 gio
1070 2026 1209 2062 collecta,
1232 2026 1347 2066 partim
1362 2036 1400 2056 ex
1416 2024 1559 2065 ejusdem
1574 2024 1701 2055 Waese-

999 2077 1092 2122 ling-ii
1106 2086 1137 2111 et
1152 2080 1356 2110 Valckenarii
1381 2079 1496 2122 (rarius
1519 2089 1558 2108 ex
1576 2077 1702 2108 Grono-

1002 2135 1060 2174 vii)
1077 2133 1341 2168 adnotationibus,
1358 2138 1523 2173 excerptus
1543 2138 1599 2162 est.
1639 2130 1706 2162 Vix

1005 2188 1179 2230 quidquam
1193 2187 1242 2217 his
1255 2187 1414 2227 adjectum
1430 2186 1543 2222 videas,
1559 2185 1621 2216 nisi
1631 2186 1706 2216 sub-

1003 2243 1077 2275 inde
1102 2241 1247 2273 notulam
1276 2241 1447 2283 quamdam
1478 2251 1516 2270 ex
1554 2239 1708 2271 Larcheri

1004 2296 1236 2328 commentariis
1246 2295 1540 2327 autexGermanica
1548 2293 1711 2331 Herodoti

1003 2349 1150 2384 versione,
1176 2348 1266 2388 cujus
1281 2353 1390 2378 auctor
1399 2346 1472 2378 Joh.
1492 2346 1585 2376 Eust.
1605 2343 1706 2376 Gold-

1004 2404 1117 2444 hagen,
1134 2402 1270 2438 ductam,
1290 2401 1426 2443 denique
1441 2398 1706 2440 scrupulosiorem

1008 2458 1136 2490 Aldinae
1147 2464 1179 2488 et
1193 2458 1328 2488 duarum
1347 2455 1519 2488 camerarii
1530 2454 1707 2486 editionum

1008 2514 1094 2554 (quae
1109 2511 1237 2553 quidem
1252 2512 1291 2542 ab
1304 2510 1360 2541 illa
1374 2520 1438 2540 non
1459 2507 1625 2547 differunt)
1643 2507 1708 2539 col-

1007 2567 1164 2602 lationem,
1192 2566 1332 2608 singulos
1354 2565 1457 2605 apices
1478 2570 1510 2594 et
1532 2561 1709 2594 minutissi-

1005 2631 1073 2651 mas
1088 2631 1228 2664 quasque
1243 2620 1390 2653 orationis
1401 2618 1614 2651 distinctiones
1637 2627 1706 2649 sec--

1004 2681 1135 2708 tantem.
