1763 3116
373 473 522 525 JOH.
560 468 1194 522 SCHWEIGHAEUSER

223 624 816 686 MUSARUM
896 622 1333 681 AMICIS

659 774 894 807 SALUTEM.

60 1130 323 1194 LmERARE
353 1165 472 1207 posse
505 1149 632 1191 fidem
671 1150 836 1205 publice
869 1149 1026 1200 datam,
1064 1149 1394 1205 promissumque
1428 1147 1504 1189 ab·

62 1222 217 1263 solvere
241 1235 358 1276 opus,
392 1219 615 1260 clementer
644 1218 764 1259 nobis
785 1218 1021 1274 adspirante
1052 1219 1134 1260 Dei
1155 1217 1255 1273 Opt.
1281 1216 1401 1258 MaX.
1422 1230 1500 1256 nu-

60 1290 185 1340 mine,
203 1304 277 1344 per
298 1288 539 1344 multiplices
569 1295 858 1343 tempestatum
889 1287 1074 1329 turbines
1103 1286 1288 1344 contigit.
1353 1286 1503 1327 Sextus

60 1358 130 1400 hic
150 1358 288 1415 agitur
307 1373 453 1407 annus,
475 1371 528 1399 ex
558 1372 640 1413 quo
673 1357 922 1412 Bibliopolae
952 1371 1132 1413 quorum
1160 1355 1343 1412 periculo
1363 1355 1408 1395 in
1439 1354 1505 1395 lu-

62 1442 154 1469 cem
174 1427 255 1468 hoc
275 1442 379 1482 opus
409 1426 509 1476 exit,
539 1425 690 1468 schedel
724 1426 768 1467 in
795 1426 1008 1481 publicum
1042 1424 1200 1476 emissz'i,
1234 1424 1334 1466 meis
1369 1422 1504 1465 verbis

62 1495 233 1552 professi
264 1504 372 1546 sunt,
403 1510 488 1536 non
520 1510 604 1536 esse
634 1510 701 1536 me
731 1495 910 1536 alienum
931 1511 956 1537 a
975 1495 1159 1545 consilio,
1183 1494 1216 1536 si
1243 1493 1405 1535 favisset
1420 1499 1505 1532 stu-

62 1565 276 1606 diosorum
311 1564 528 1605 hominum
558 1563 760 1613 voluntas,
798 1572 839 1604 et
866 1563 950 1604 vita
980 1563 1168 1618 viresque
1198 1561 1504 1617 suppetiissent‚

70 1633 418 1687 Wsselz‘ngz‘anam
448 1632 654 1672 Herodoti
679 1632 912 1672 Editionem
947 1646 995 1672 ea
1018 1631 1110 1687 lege
1141 1631 1413 1680 instaurandi,
1442 1636 1506 1678 ut,

62 1702 95 1742 si
125 1701 226 1758 quid
247 1701 311 1742 vel
331 1701 375 1742 in
399 1701 552 1743 Graeco
573 1700 780 1755 exemplo,
802 1700 868 1740 vel
888 1700 932 1740 in
953 1700 1111 1755 adjecta
1132 1699 1285 1742 Latina
1305 1699 1506 1748 versione,

63 1770 128 1812 vel
149 1771 194 1812 in
215 1770 484 1827 Wesselingii
506 1769 852 1824 Valckenariique
874 1769 1227 1811 Adnotationibus
1254 1767 1506 1810 desiderare-

64 1848 146 1890 tur,
163 1839 277 1895 quod
293 1847 364 1880 aut
376 1838 634 1880 commodius
650 1839 750 1893 poni
764 1853 881 1893 posse
896 1847 968 1879 aut
988 1838 1169 1893 suppleri
1182 1837 1333 1879 debere
1348 1836 1507 1878 videre-

66 1917 148 1959 tur,
171 1908 214 1950 id
235 1909 292 1950 ita
312 1909 589 1965 corrigeretur
619 1907 972 1963 supplereturque‚
993 1916 1040 1949 ut
1060 1907 1164 1948 nihil
1185 1915 1324 1949 tamen
1345 1919 1505 1955 eorum,

66 1992 160 2033 quae
181 1993 205 2018 a
227 1978 395 2018 summis
421 1977 497 2018 illis
532 1976 778 2018 Duumviris
808 1976 852 2017 in
889 1977 1096 2018 Historiae
1121 1985 1335 2032 parentem
1359 1974 1508 2018 collata

70 2055 177 2097 sunt,
199 2046 436 2103 neglectum
457 2046 713 2102 abjectumve
733 2046 877 2088 lateret
898 2046 1107 2088 Lectores.

128 2179 181 2220 In
196 2181 387 2223 manibus
401 2182 488 2237 jam
506 2190 605 2224 tunc
621 2182 723 2222 meis
742 2188 861 2222 erant
881 2196 904 2222 e
919 2181 1101 2237 quinque
1128 2179 1353 2222 Codicibus
1375 2177 1507 2220 MSS.

69 2248 384 2301 Parisiensibus,
406 2265 501 2292 cum
525 2250 716 2305 exemplo
738 2249 1077 2306 Wesselingiano
1097 2249 1150 2290 ab
1178 2248 1342 2290 erudito
1355 2248 1509 2303 juvene

69 2317 309 2374 Georgiade
331 2318 702 2368 Thessalonicensi,
725 2318 840 2374 cujus
870 2326 911 2359 et
930 2317 1057 2359 fidem
1078 2325 1119 2358 et
1139 2316 1384 2358 industriam
1404 2313 1510 2356 mihi

71 2384 382 2427 BOISSONADUS
403 2386 480 2426 Vir
514 2386 759 2428 clarissimus
789 2386 1164 2436 commendaverat,
1185 2385 1405 2442 diligenter
1424 2382 1510 2425 col-

70 2453 178 2503 latis,
201 2463 396 2510 excerpta
417 2454 628 2497 Lectionis
661 2455 860 2498 varietas.
925 2455 1199 2496 Accesserunt
1218 2453 1369 2495 deinde
1403 2453 1509 2494 Lec-

69 2523 203 2564 tiones
238 2538 261 2564 e
296 2532 413 2565 sexto
447 2524 629 2580 quodam
664 2524 802 2581 Regio
833 2523 989 2565 Codice
1009 2531 1200 2573 enotatae,
1232 2523 1303 2579 qui
1343 2521 1510 2578 quidem

70 2593 237 2634 nonnisi
260 2593 512 2651 Fragmenta
539 2594 750 2645 nonnulla,
784 2594 879 2636 satis
908 2601 1048 2636 tamen
1078 2593 1145 2635 illa
1171 2591 1383 2642 notabilia,
1407 2590 1511 2632 His-

72 2661 275 2703 toriarum
307 2662 518 2704 Herodoti
549 2663 852 2719 complectitur:
885 2670 1236 2718 accesseruntque,
1258 2662 1456 2716 primum,
1488 2673 1511 2700 e

74 2729 392 2771 membranaceo
408 2739 568 2773 vetusto
591 2732 746 2773 Codice
768 2731 931 2782 Italico,
954 2732 1163 2788 integrum
1182 2729 1402 2785 Scriptoris
1417 2741 1512 2768 nos-

74 2798 129 2838 tri
163 2813 266 2854 opus
297 2799 530 2851 exhibente,
563 2815 698 2857 neque
727 2815 924 2856 umquam
946 2808 1067 2842 antea
1087 2813 1273 2848 excusso,
1306 2803 1513 2850 excerptae

72 2866 304 2919 Lectiones,
335 2885 361 2912 a
390 2870 653 2921 Cmmznno,
688 2870 1055 2927 Heidelbergensis
1084 2867 1323 2911 Academiae
1352 2867 1514 2913 decore,

771 2949 790 2975 5
