1763 3116
255 189 372 238 xviii
832 201 1100 234 PRAEFATIo.

249 327 458 371 consimile
486 326 616 368 laudis
638 326 817 369 studium
849 339 1058 372 accensus;
1095 338 1177 379 quo
1209 323 1453 366 Herodotus
1487 325 1672 369 animad-

247 412 374 446 verso,
399 395 449 436 ad
474 395 667 446 Olorum,
692 397 714 419 *³
737 400 821 450 ὄξγᾷ
843 397 862 440 ἡ
879 398 970 446 φύσις
990 397 1045 433 τοῦ
1064 397 1128 432 υἱοῦ
1148 396 1201 432 σοῦ
1219 397 1293 447 πρὸς
1308 397 1354 432 »τὰ
1371 396 1579 443 μαθήματα,
1597 410 1673 450 op-

244 467 343 508 time
363 465 414 506 de
434 480 563 520 puero
583 480 650 506 xv.
683 477 899 512 annorum,
932 471 972 502 et
1003 461 1148 518 gloriae
1178 461 1381 502 desiderio
1409 461 1672 518 lacrymante.

247 537 386 590 Atque
406 534 474 574 hic
489 548 574 575 non
591 533 810 575 obliviscor
827 531 1018 572 secundae
1034 530 1294 579 recitationis,
1314 529 1490 572 Athenis
1504 531 1672 588 Olymp.

243 617 433 645 LXXXIII.
455 617 566 644 anno
593 603 713 643 tertio
736 601 954 648 institutae3
987 613 1108 654 quam
1131 598 1424 654 Thucydidem
1444 600 1673 642 auscultare

244 673 436 727 potuisse,
469 681 627 712 certum
648 671 813 726 quidem
847 676 919 718 est,
953 668 1023 708 sed
1052 668 1136 722 jam
1160 666 1265 707 virili
1286 675 1420 717 aetate,
1453 682 1538 709 non
1572 684 1673 724 pue-

242 755 345 781 rum.
408 740 583 781 Erudite
595 739 675 781 hoc
701 740 758 780 H.
781 736 1020 779 Dodwellus
1041 743 1270 785 exsecutus,
1292 741 1317 788 †
1332 735 1578 790 adprobavit
1593 737 1670 780 Ed.

243 810 434 859 Corsino,
458 814 480 861 ‡
510 809 586 850 sibi
606 819 745 850 tamen
765 822 849 848 non
872 805 1088 854 constanti,
1111 815 1150 845 et
1170 803 1345 845 eandem
1366 804 1673 858 praelectionem

240 878 283 917 in
306 877 474 933 Olymp.
492 891 670 917 Lxxxiv.
701 875 947 930 conjicienti.
1008 873 1217 914 Lucianus
1239 881 1279 914 et
1301 872 1471 923 Plinius,
1494 888 1672 928 quorum

238 946 480 987 auctoritate
496 946 539 992 in
553 945 637 985 illas
659 953 793 999 partes
806 942 921 992 abiit,
941 941 1040 982 nihil
1055 942 1213 995 juvant.
1275 941 1344 982 De
1360 942 1498 996 priore
1513 942 1672 983 dictum

237 1029 362 1069 supra
382 1023 453 1062 est;
487 1013 539 1054 de
571 1013 708 1053 Plinio
741 1011 948 1065 deinceps.
1011 1009 1097 1050 Ubi
1120 1024 1216 1049 vero
1251 1018 1346 1064 post
1377 1009 1671 1066 Olympiadem

236 1097 386 1124 Lxxxl.
409 1090 448 1122 et
469 1096 550 1136 qua
582 1080 760 1122 Graeciae
781 1079 824 1118 in
853 1078 956 1119 urbe
986 1085 1250 1118 conmoratus
1268 1076 1404 1128 fuerit,
1426 1093 1478 1119 an
1500 1093 1671 1136 peregre

239 1151 376 1192 denuo
398 1150 557 1199 abierit,
580 1149 717 1190 dicere
736 1161 823 1187 non
853 1146 997 1187 habeo.
1061 1146 1221 1186 Auctor
1242 1146 1329 1187 Dio
1352 1147 1671 1202 Chrysostomus

237 1228 310 1270 est,
351 1224 368 1272 ᾗ
398 1217 649 1259 Corinthum
693 1215 862 1264 venisse,
908 1215 1080 1267 scriptas
1115 1229 1139 1254 a
1172 1229 1213 1254 se
1248 1213 1438 1256 historias
1477 1217 1670 1267 attulisse,

234 1287 392 1345 grande
413 1293 667 1341 exspectasse
694 1283 913 1339 praemium
935 1282 988 1322 ob
1010 1282 1222 1336 adspersas
1249 1282 1355 1323 bello
1377 1283 1544 1325 Persico
1565 1285 1670 1326 Adi-

233 1357 365 1398 manti
399 1364 440 1397 et
462 1353 777 1396 Corinthiorum
807 1351 973 1393 laudes:
1005 1350 1246 1392 frustratum
1273 1366 1322 1393 ea
1352 1367 1438 1407 spe,
1475 1353 1671 1395 delevisse

234 1427 368 1482 plura,
390 1434 431 1466 et
451 1424 623 1465 civitatis
656 1422 852 1478 ducisque
872 1420 1049 1477 gloriam
1078 1420 1329 1462 inminutum
1356 1422 1484 1463 ivisse.
1541 1422 1668 1474 Quae,

233 1496 306 1536 etsi
329 1495 371 1535 in
405 1493 719 1535 Corinthiorum
739 1500 780 1532 et
802 1490 1019 1532 Adimanti
1049 1489 1172 1531 rebus
1199 1489 1415 1531 laudandis
1444 1491 1547 1533 mire
1574 1508 1671 1547 par·-

234 1580 304 1606 cus
340 1563 475 1612 fuerit,
504 1566 519 1610 ΙΙ
571 1559 876 1602 criminationes
909 1557 1101 1598 videntur
1135 1557 1351 1599 hominum
1386 1560 1463 1599 aevi
1495 1561 1667 1603 serioris.

235 1632 403 1673 Certius
424 1630 611 1678 habetur,
645 1626 822 1668 Athenis
843 1641 936 1667 suos
956 1640 1049 1666 eum
1080 1625 1206 1666 libros
1235 1625 1379 1682 legisse
1409 1628 1450 1667 in
1482 1628 1666 1679 consilio,

231 1700 292 1741 uti
314 1699 600 1754 Hieronymus
627 1695 780 1744 scribit,
811 1702 851 1735 et
879 1692 1129 1734 honoratum
1158 1692 1291 1742 fuisse,
1320 1693 1444 1749 idque
1463 1694 1566 1736 festo
1588 1695 1668 1737 Pa..

232 1768 547 1810 nathenaeorum
577 1765 643 1806 die
674 1764 773 1805 anni
803 1762 913 1804 tertii
942 1761 1202 1817 Olympiadis
1237 1775 1425 1804 LXXXIII.
1462 1779 1555 1819 quae
1588 1766 1666 1806 ele-

233 1852 335 1894 gans
365 1836 418 1877 ill.
444 1834 640 1891 Scaligeri
657 1836 686 1881 ῚῙ
703 1832 903 1873 doctrina.

293 1969 380 2012 Sub
413 1968 521 2010 idem
557 1975 718 2020 tempus
756 1963 933 2005 Athenis
963 1962 1125 2004 colonia
1151 1961 1194 2002 in
1228 1961 1431 2020 Magnam
1455 1964 1664 2007 Graeciam

233 2038 411 2080 deducta
431 2036 617 2078 Thurios
637 2034 726 2083 fuit,
751 2033 800 2057 Η
832 2033 898 2074 cui
920 2041 1065 2087 sponte
1088 2046 1168 2072 sua
1188 2032 1381 2073 comitem
1403 2048 1444 2074 se
1466 2033 1663 2075 Herodo-

233 2116 300 2148 tus
321 2105 492 2155 addidit,
510 2106 639 2159 Θούςιος
662 2118 709 2143 ea
732 2109 900 2157 propter
920 2116 1028 2156 saepe
1047 2100 1194 2151 dictus,
1217 2106 1272 2142 διὰ
1284 2105 1320 2140 τὸ
1335 2103 1519 2146 κοινωνῆσαι
1537 2105 1597 2147 τῆς
1616 2106 1662 2147 εἰς

235 2179 385 2230 Θουρίους
400 2178 567 2221 ἀποικίας,
592 2181 639 2212 ut
668 2171 778 2226 apud
811 2170 1070 2211 Strabonem.
1092 2175 1142 2222 ††
1221 2168 1286 2209 Ibi
1306 2181 1380 2222 per
1419 2168 1550 2208 otium
1581 2167 1663 2209 his-

232 2242 358 2283 torias
379 2240 593 2289 recensuit,
617 2239 824 2294 multaque
844 2239 919 2279 illis
946 2238 1162 2280 adstruxit.
1224 2237 1346 2286 Nam,
1378 2237 1490 2293 quod
1511 2238 1554 2278 in
1578 2238 1663 2280 Pli-

232 2310 304 2351 nio
317 2318 391 2359 est,
414 2313 467 2362 Π
529 2314 555 2334 “
573 2307 741 2349 Thuriis
757 2309 797 2347 in
817 2307 937 2348 Italia
958 2307 1188 2348 condidisse
1210 2306 1442 2347 Historiam
1458 2321 1569 2348 anno
1593 2321 1662 2347 ur-

234 2379 296 2420 bis
318 2377 601 2420 trecentesimo
631 2377 834 2426 decimo,’'
868 2376 989 2446 aliter
1005 2377 1038 2416 si
1064 2376 1300 2430 accipiatur,
1321 2390 1542 2417 erroneum
1569 2375 1659 2417 erit.

279 2519 296 2535 ³*
315 2515 520 2547 Marcellinus
536 2514 602 2544 Vir.
624 2513 798 2554 Thucydid.
814 2525 843 2553 p.
860 2520 888 2546 9.
1010 2517 1030 2554 {ff
1053 2514 1105 2544 Ad
1123 2513 1252 2543 Eusebii
1281 2512 1426 2543 chronic.
1447 2522 1518 2552 pag.
1536 2516 1605 2543 104.

273 2574 292 2607 †
325 2571 473 2609 Apparat·
490 2569 530 2599 ad
553 2568 692 2598 Annales
709 2567 883 2608 Thucydid.
898 2579 927 2608 p.
975 2568 1054 2637 ω’*
1072 2564 1233 2594 Diodorus
1267 2563 1361 2594 Sicul.
1388 2562 1439 2593 lib.
1456 2563 1542 2594 XII.
1566 2567 1595 2594 7.
1629 2569 1661 2594 et

240 2628 280 2643 0*
1015 2628 1022 2636 ο

240 2638 290 2655 ‘⁰‘
1011 2662 1052 2700 ††
1070 2660 1138 2691 Lib.
1152 2660 1250 2691 XIV.
1264 2671 1295 2700 p.
1311 2663 1382 2692 970.
1407 2671 1438 2691 A.
1453 2659 1498 2702 [p.
1523 2663 1593 2692 656.
1608 2660 1657 2691 ed.

279 2681 293 2718 ss
310 2678 392 2708 Fast.
406 2676 500 2707 Λαίς.
515 2676 552 2706 Τ.
565 2675 631 2705 ΙΙΙ.
644 2686 675 2715 p.
685 2679 756 2707 205.
767 2681 798 2705 et
812 2686 842 2715 p.
855 2678 925 2705 215-

279 2736 298 2774 §
319 2734 406 2764 Orat.
424 2732 562 2764 Corinth.
577 2742 606 2771 p.
623 2734 695 2762 456.
974 2715 1124 2757 casm-md

283 2788 294 2826 l!
319 2784 391 2814 yid.
407 2784 447 2814 ad
471 2784 541 2814 Lib.
563 2783 669 2814 VIII.
693 2785 744 2813 35.
762 2782 873 2825 [immo
892 2780 931 2812 ad
1018 2772 1049 2810 ssss
1078 2769 1151 2800 Nat·
1169 2769 1256 2800 Hist·
1279 2768 1332 2801 lib·
1349 2769 1436 2800 XII·
1458 2780 1485 2800 c·
1504 2773 1531 2799 4·
1547 2769 1656 2812 [segm

238 2837 341 2867 VIII.
365 2840 414 2868 94.
975 2819 1020 2858 ὃ]
