1763 3116
654 182 924 214 PRAEFATIO.
1335 178 1338 181 '
1456 156 1506 202 Χῖ

81 309 251 351 demum
272 306 563 350 animadverti:
583 307 605 329 ²*
627 307 693 347 cui
714 307 745 346 si
767 307 929 360 exsequi
952 303 1064 360 quod
1085 302 1351 344 constituerat
1370 296 1503 338 licuis-

80 387 167 430 set,
186 377 407 431 plurimum
442 375 509 416 ille
532 375 604 416 otii
632 375 751 415 nobis
783 374 861 415 hac
896 382 1012 428 parte
1032 379 1119 413 erat
1148 371 1339 411 facturus.
1401 366 1505 406 Lar-

79 446 191 486 cheri
212 444 588 499 praestantissimam
618 442 818 484 Gallicam
839 442 1064 483 versionem
1086 441 1128 479 in
1150 438 1249 478 locis
1268 432 1506 476 difficiliori-

79 514 154 554 bus
175 514 377 555 consului:
409 528 432 554 e
453 528 533 568 qua
563 520 609 553 ut
639 512 814 553 multum
845 511 993 565 passim
1027 524 1093 550 me
1122 506 1338 564 profecisse
1362 511 1503 560 gratus

77 582 290 637 profiteor,
310 583 366 623 sic
387 583 438 623 ab
459 582 602 623 eadem
622 581 734 622 haud
765 595 859 621 raro
880 581 923 620 in
943 580 1147 620 diversum
1169 576 1272 616 mihi
1293 573 1504 614 disceden-

77 651 177 692 dum
197 652 355 706 putavi:
395 652 509 706 cujus
539 650 797 692 dissensionis
818 664 994 698 caussas,
1018 647 1145 688 sicubi
1167 659 1269 700 opus
1290 657 1374 683 esse
1394 641 1505 681 vide-

77 721 211 770 batur,
244 721 286 760 in
314 720 648 761 adnotationibus
669 719 854 774 exposui.
916 718 1029 759 Alias
1051 714 1286 757 vernaculas
1310 710 1504 752 Herodo-

76 789 107 829 ti
128 789 344 838 versiones,
367 804 453 829 non
484 788 595 844 quod
615 803 682 829 eas
710 801 914 843 spernam,
944 786 1015 827 sed
1035 786 1121 827 otio
1140 783 1383 839 parciturus,
1407 794 1506 820 con-

75 857 206 899 sulere
226 857 446 914 supersedi.

135 990 206 1032 Ad
249 991 535 1033 adnotationes
585 991 698 1047 quod
732 992 923 1046 pertinet,
964 998 1079 1032 tomo
1118 988 1265 1044 quinto
1307 991 1503 1037 sextoque

76 1058 195 1115 hujus
222 1060 412 1101 editionis
434 1060 764 1116 comprehensas,
788 1061 874 1115 jam
895 1060 1014 1100 initio
1034 1058 1236 1114 professus
1264 1069 1369 1103 sum,
1404 1049 1506 1092 illud

77 1127 179 1169 mihi
200 1129 383 1183 primum
404 1128 525 1169 fuisse
553 1129 828 1183 propositum,
865 1128 975 1183 quod
1008 1128 1129 1168 etiam
1162 1138 1315 1180 magno
1335 1133 1510 1162 numero

75 1196 348 1237 studiosorum
369 1195 585 1237 hominum
614 1196 802 1251 inprimis
821 1205 985 1253 gratum
1019 1196 1106 1236 fore
1138 1192 1431 1238 intellexeram,
1465 1194 1509 1227 ut

76 1279 234 1315 eorum,
252 1280 346 1320 quae
366 1265 430 1306 vel
450 1280 474 1306 a
492 1264 773 1322 Wesselingio
795 1265 857 1306 vel
887 1281 911 1306 a
933 1264 1208 1306 Valckenario
1235 1261 1283 1303 ad
1310 1257 1509 1301 Herodo-

74 1343 163 1375 tum
193 1333 391 1375 adnotata
411 1335 454 1374 in
485 1334 820 1390 Wesselingiana
855 1334 1035 1375 editione
1062 1339 1237 1381 exstant,
1268 1327 1372 1370 nihil
1402 1339 1510 1381 prae-

73 1403 353 1444 termitterem.
415 1403 558 1444 Jacobi
593 1403 798 1445 Gronovii
828 1411 959 1453 notas,
992 1417 1091 1458 quas
1112 1401 1255 1443 eadem
1286 1398 1412 1440 editio
1444 1409 1508 1435 reo

73 1472 221 1525 petitas
254 1472 435 1522 exhibet,
468 1473 659 1530 indignas
684 1473 867 1528 judicavi
889 1473 1036 1529 quibus
1057 1473 1179 1513 bonae
1200 1470 1354 1512 chartae
1369 1467 1507 1508 denuo

73 1541 465 1583 contaminarentur.
537 1542 699 1590 Quodsi
735 1542 824 1582 illas
856 1542 1030 1582 subinde
1065 1540 1247 1582 laudavit
1282 1534 1508 1578 Wesselin-

72 1610 178 1666 giuS,
201 1624 287 1650 non
319 1625 368 1650 eo
398 1610 440 1651 id
462 1610 615 1652 factum
651 1610 763 1665 quod
792 1625 864 1665 per
897 1625 939 1651 se
960 1611 1100 1667 magni
1128 1609 1281 1658 fecerit,
1303 1606 1387 1655 sed,
1421 1603 1509 1659 (qui

70 1681 394 1734 praestantissimi
425 1680 501 1720 viri
531 1679 688 1721 candor
715 1687 756 1720 et
785 1678 1020 1720 humanitas
1050 1679 1142 1727 fuit)
1174 1693 1257 1734 quo
1290 1676 1406 1717 daret
1437 1672 1509 1714 ali-

70 1749 171 1804 quid
205 1757 246 1790 et
274 1749 540 1804 praeceptoris
570 1749 670 1790 olim
707 1748 767 1790 sui
804 1749 1029 1799 memoriae,
1067 1756 1107 1790 et
1142 1748 1313 1789 omnino
1348 1742 1508 1785 nomini

75 1817 366 1869 Gronoviano,
399 1817 511 1874 quod
541 1817 595 1858 ob
622 1825 795 1872 paterna
815 1819 998 1859 maxime
1037 1818 1184 1859 merita
1214 1830 1367 1873 magno
1397 1811 1510 1868 apud

75 1887 254 1930 Batavos
274 1889 318 1929 in
338 1887 497 1928 honore
518 1896 617 1928 erat.
681 1887 725 1928 Si
746 1887 914 1943 quando
935 1895 1072 1929 tamen
1091 1888 1212 1928 bonae
1244 1885 1370 1941 frugis
1391 1881 1510 1939 quid-

70 1957 200 2011 piam,
221 1957 333 2013 quod
353 1971 522 2012 perraro
552 1956 719 2011 quidem
740 1955 840 1996 mihi
863 1971 938 1997 usu
959 1957 1098 1997 venire
1119 1955 1302 2004 memini,
1332 1955 1373 1994 in
1401 1950 1509 1992 notis

69 2024 191 2080 hujus
231 2026 307 2067 viri
342 2025 489 2080 reperi,
526 2025 638 2081 quod
670 2024 723 2066 ad
757 2024 1047 2066 illustrandum
1080 2026 1230 2066 faceret
1265 2023 1509 2077 scriptorem

72 2102 273 2146 nostrum,
305 2109 391 2136 non
422 2095 465 2136 id
496 2094 790 2151 negligendum
821 2095 976 2149 putavi,
1009 2095 1080 2136 sed
1110 2095 1286 2135 fideliter
1307 2092 1404 2133 inde
1438 2105 1509 2131 ex-

71 2172 257 2220 cerptum
293 2165 466 2221 adposui
507 2165 738 2206 lectoribus.
818 2164 992 2220 Reliqua
1020 2181 1114 2220 quae
1166 2167 1509 2226 Wesselingianis

73 2242 143 2275 aut
177 2234 439 2276 Valckenarii
474 2233 810 2275 adnotationibus
857 2234 1001 2289 adjeci,
1049 2236 1200 2289 partim
1234 2251 1285 2276 ex
1322 2238 1508 2279 virorum

72 2304 290 2344 doctorum
323 2305 484 2360 scriptis
521 2303 684 2359 publice
714 2303 832 2344 editis
864 2306 1058 2359 (quorum
1091 2320 1310 2363 quemque,
1343 2308 1403 2348 uti
1433 2324 1509 2364 par

71 2381 174 2424 erat,
197 2388 270 2415 suo
289 2373 383 2415 loco
411 2374 592 2426 laudavi)
621 2382 815 2428 excerpta
835 2382 951 2423 sunt;
984 2374 1036 2415 de
1060 2375 1198 2415 multis
1220 2376 1342 2416 etiam
1373 2378 1509 2431 priva-

73 2443 148 2483 tim
183 2456 250 2483 me
285 2442 438 2484 eruditi
486 2443 608 2484 amici
647 2451 913 2493 monuerunt,
960 2443 1003 2483 in
1039 2443 1186 2498 quibus
1223 2460 1311 2499 prae
1352 2447 1509 2487 caeteris

74 2508 320 2552 Boissonadi
355 2511 435 2552 mei
472 2519 512 2552 et
541 2511 758 2568 singularis
786 2512 1088 2562 benevolentia,
1123 2521 1163 2554 et
1198 2515 1511 2569 exquisitissima

73 2579 280 2631 doctrina,
309 2589 350 2621 et
382 2581 630 2623 indefessum
666 2581 717 2622 de
749 2596 815 2622 me
836 2590 877 2623 et
906 2582 959 2623 de
986 2582 1209 2624 Herodoto
1243 2594 1385 2626 nostro
1407 2587 1511 2628 bene

73 2649 259 2689 merendi
280 2649 461 2691 studium
477 2650 662 2691 eminuit.
724 2650 833 2699 Quae
849 2650 902 2692 de
931 2665 1024 2692 meo
1046 2652 1233 2706 adjunxi,
1265 2654 1309 2694 in
1330 2653 1393 2695 his
1413 2655 1513 2703 illud

71 2716 253 2758 maxime
273 2719 464 2773 spectavi,
496 2726 543 2761 ut
563 2718 714 2773 partim
734 2727 943 2775 receptam
964 2736 989 2761 a
1009 2735 1076 2761 me
1097 2722 1357 2777 scripturam,
1381 2725 1514 2766 sicubi

117 2864 134 2881 ¹'
159 2863 246 2897 Vide
262 2866 366 2898 Reizii
382 2866 616 2905 praefationem,
643 2867 802 2902 Herodoti
826 2869 978 2901 Historiis
1000 2871 1039 2902 ab
1055 2869 1110 2901 illo
1133 2870 1183 2903 edi
1200 2871 1306 2912 coeptis
1321 2873 1515 2913 praemissam

73 2925 103 2955 p.
119 2926 218 2962 xxx&
