1763 3116
704 184 976 217 PRAEFATIO.
1442 175 1524 225 xlv

88 310 298 353 Herodoti
313 310 474 365 amplus
487 310 583 352 satis
603 310 717 352 locus
732 325 786 352 ex
801 311 871 352 lib.
890 311 924 352 Ι.
947 326 1036 368 cap.
1053 316 1237 355 23—45.
1254 321 1344 357 tum
1356 314 1442 358 duo
1457 315 1527 357 alii

85 396 137 423 ex
157 380 228 421 lib.
250 379 308 422 ΙΙ.
331 395 366 421 c.
390 384 573 421 35—48.
595 387 636 421 et
657 394 746 436 cap.
768 382 952 421 68-73,

141 506 182 548 A
220 506 364 548 Reizio
397 506 521 548 etiam
554 507 597 547 in
630 505 964 548 Chrestomathia
996 507 1161 558 Graeca,
1203 508 1360 564 Lipsiae
1402 514 1526 555 1779.

82 574 205 625 edita,
237 590 359 631 quem
397 575 565 631 quidem
592 575 773 617 libellum
794 590 1023 631 numquam
1053 576 1182 619 oculis
1202 580 1410 633 usurpavi,
1444 579 1527 622 Ec-

84 644 198 701 logas
231 645 371 686 nescio
404 659 507 700 quas
539 659 594 687 ex
630 644 855 687 Herodoto
889 645 1062 688 insertas
1095 645 1216 688 fuisse
1249 656 1524 692 memoratum

87 716 183 773 legi.

142 854 272 895 Fan).
310 854 459 894 ANDR.
484 853 680 903 S‘rno'ffl,
716 852 936 909 Gymnasii
979 852 1167 895 Gothani
1207 853 1309 895 olim
1337 857 1523 908 rectoris,

84 922 348 979 AEgyptiaca‚
372 921 532 964 Gothae
552 936 664 963 anno
684 935 976 964 Mnchxxxu.
993 922 1118 973 edita,
1143 922 1355 966 Herodoti
1375 925 1528 968 librum

81 991 324 1043 secundum,
356 1007 453 1033 cum
487 999 605 1046 parte
635 991 759 1043 tertii,
790 1000 832 1033 et
863 1006 916 1033 ex
945 992 1112 1048 reliquis
1146 992 1261 1035 libris
1296 993 1529 1051 fragmenta

4 1069 9 1070 ⁷
82 1062 275 1118 quaedam
294 1062 505 1111 exhibent,
528 1075 583 1103 ex
607 1061 872 1119 Wesselingii
893 1061 1060 1118 quidem
1074 1062 1257 1104 maxime
1271 1064 1527 1116 recensione,

81 1132 152 1173 sed
172 1132 231 1173 ita
251 1140 296 1173 ut
326 1131 518 1188 religioni
540 1130 616 1172 sibi
651 1145 738 1173 non
768 1131 936 1173 duxerit
967 1131 1102 1173 editor
1131 1133 1340 1175 nonnullis
1360 1134 1405 1175 in
1425 1134 1527 1176 locis

84 1200 136 1241 ab
157 1215 206 1242 ea
224 1199 446 1241 discedere.

139 1337 361 1380 DANIELIS
394 1336 774 1386 WYTTENBACHII,
814 1335 892 1377 viri
921 1335 1147 1388 clarissimi,
1182 1337 1344 1380 Selecta
1372 1339 1527 1394 princi-

86 1406 205 1462 pium
227 1405 552 1455 Historicorum‚
588 1404 888 1448 Amstelodami
917 1420 1030 1447 anno
1050 1419 1284 1449 Mnccxcxv.
1320 1409 1363 1449 in
1393 1408 1528 1451 lucem

81 1476 240 1526 emissa,
271 1483 364 1532 post
384 1475 518 1530 ipsum
552 1474 777 1518 Introitum
797 1490 882 1531 quo
914 1475 1125 1518 Historias
1155 1492 1248 1519 suas
1280 1477 1529 1521 Herodotus

80 1560 250 1587 exorsus
284 1552 358 1594 est,
390 1544 582 1585 exhibuit
617 1558 672 1586 ex
702 1544 809 1586 libro
843 1544 996 1599 primo,
1028 1546 1271 1588 commodos
1302 1547 1356 1588 ad
1386 1547 1528 1591 titulos

79 1614 223 1665 relata,
241 1623 455 1671 segmenta
468 1613 622 1655 haecce:
641 1627 730 1669 cap.
747 1617 902 1655 8-12,
915 1617 984 1655 23.
1002 1618 1391 1657 et24.29-33.74.
1407 1618 1479 1659 et7
1485 1623 1525 1660 5.

87 1685 326 1725 107—130.
352 1684 591 1724 178—-182,
614 1687 853 1725 196—199.
874 1691 963 1725 tum
978 1697 1030 1725 ex
1044 1684 1176 1726 Libro
1199 1684 1257 1726 II.
1281 1700 1370 1741 cap.
1395 1690 1464 1727 35.
1485 1694 1528 1729 et

82 1754 226 1795 36.77.
243 1761 284 1794 et
301 1753 448 1794 78.92.
468 1756 651 1793 84—91.
666 1756 759 1793 123.
782 1757 875 1793 148.
899 1757 991 1795 149.
1010 1757 1104 1795 124.
1121 1762 1162 1796 et
1184 1758 1276 1796 125.
1299 1759 1391 1797 121.
1408 1752 1527 1797 deni-

83 1837 164 1879 que
183 1837 235 1863 ex
257 1821 351 1864 Lib.
374 1821 458 1863 ΙΙΙ.
480 1835 570 1877 cap.
593 1825 779 1863 20-23,
802 1827 986 1864 80—82.

111 1947 164 1990 In
183 1948 422 1990 anmum
431 1947 458 1989 J
462 1961 594 1990 ACOBS
603 1947 769 1999 Atticis,
792 1962 971 2005 quorum
988 1947 1118 1990 altera
1135 1948 1264 1990 editio
1280 1948 1399 1991 Jenae
1414 1964 1526 1993 anno

81 2018 204 2074 hujus
224 2018 350 2060 seculi
370 2033 485 2060 nono
504 2018 675 2074 prodiit,
706 2033 761 2060 ex
791 2017 1017 2060 Herodoto
1047 2018 1314 2061 continentur
1333 2019 1441 2062 haec:
1474 2036 1527 2064 ex

81 2088 153 2130 lib.
170 2088 205 2130 Ι.
213 2103 304 2144 cap.
315 2092 501 2130 29—33.
517 2093 702 2131 59—64.
717 2096 805 2130 tum
822 2102 876 2130 ex
890 2087 962 2130 lib.
980 2087 1032 2129 V.
1041 2103 1129 2144 cap.
1140 2092 1329 2131 55.et56.
1340 2094 1525 2133 62—66.

85 2159 268 2200 70—78.
291 2160 474 2200 82—87.
496 2163 565 2200 96.
586 2166 628 2201 et
640 2160 708 2200 97.
726 2162 942 2200 99-105,
1000 2158 1069 2200 Ex
1089 2158 1158 2200 lib.
1181 2159 1257 2201 VI.
1275 2174 1365 2216 cap.
1386 2164 1526 2201 102-—

88 2231 181 2268 120.
202 2228 343 2282 paucis
363 2228 502 2269 medio
526 2227 827 2283 praetermissis:
861 2235 951 2269 tum
971 2242 1061 2283 cap.
1088 2232 1327 2270 132-140.
1373 2230 1442 2272 Ex
1456 2231 1528 2274 lib.

85 2296 211 2338 VIII.
233 2311 322 2352 cap.
344 2302 527 2338 49—64.
561 2301 745 2338 84—96.

139 2422 336 2478 Denique
373 2421 586 2465 Herodoti
616 2422 903 2465 Historiarum
932 2421 1076 2473 libros,
1117 2423 1187 2478 qui
1219 2422 1525 2466 enarrationem

82 2506 318 2549 pugnarum
334 2491 442 2532 inter
463 2491 638 2534 Graecos
656 2499 698 2534 et
718 2492 865 2534 Persas
884 2491 1231 2548 complectuntur,
1255 2491 1408 2534 Graece
1427 2507 1524 2535 cum

83 2561 525 2603 Animadversionibus
565 2561 689 2604 Halis
728 2577 839 2604 anno
878 2575 1087 2604 MDCCCIX.
1147 2561 1277 2604 edidit
1320 2562 1522 2604 DAv1DEs

84 2630 276 2680 Senum,
308 2629 470 2672 duobus
491 2630 768 2673 voluminibus
775 2649 788 2682 3
811 2646 988 2688 quorum
1008 2632 1147 2688 priore
1163 2630 1362 2674 Graecum
1383 2646 1523 2674 exem-

80 2698 210 2753 plum,
242 2699 304 2753 (in
324 2714 407 2755 quo
427 2699 595 2756 quidem
619 2699 815 2742 Schaeferi
831 2702 1013 2744 maxime
1033 2701 1313 2743 recensionem
1335 2709 1519 2744 secutum

80 2781 123 2809 se
142 2782 227 2811 esse
247 2767 482 2824 profitetur)
504 2769 731 2825 posteriore
752 2770 1144 2814 Animadversiones
1164 2771 1439 2813 continentur.
