1763 3116
268 196 454 246 xxxviii
846 212 1113 243 PRAEFATIO.

263 352 372 392 licite
388 347 659 403 investigatas.
721 345 992 387 Miscellaneis
1009 345 1287 400 Lipsiensibus
1302 346 1537 388 inseruerat.
1599 347 1685 389 De-

266 420 327 461 dit
348 416 450 458 mihi
482 414 746 470 perofficiose,
783 423 829 455 ut
863 414 937 455 sub
973 414 1164 455 incudem
1185 415 1382 456 revocatis
1402 424 1441 456 et
1470 416 1580 456 varie
1600 431 1624 456 a
1644 432 1686 457 se

266 486 431 528 mutatis
451 484 510 524 uti
531 484 684 531 liceret3
715 497 847 537 nuper
868 496 964 523 vero
985 484 1133 524 iterum
1161 484 1390 539 iterumque
1410 484 1625 525 recensitas
1645 494 1686 526 et

267 565 467 598 correctas
486 552 649 608 publice
670 560 829 592 exstare
852 551 983 607 jussit.
999 552 1022 575 ᾗ
1084 552 1276 608 Ingratus
1295 552 1438 601 forem,
1470 553 1548 593 nisi
1568 553 1684 594 utiles

266 625 380 674 mihi,
403 624 476 664 etsi
497 622 644 677 saepius
664 614 929 670 dissentienti,
947 620 1163 675 profiterer
1177 620 1309 661 fuisse.
1371 620 1531 677 Singuli
1546 621 1589 661 in
1605 621 1684 663 hoc

264 693 490 736 studiorum
526 705 675 747 genere
708 698 871 746 gustum
908 689 1114 744 quendam
1144 688 1356 738 habemus,
1391 703 1524 744 neque
1543 689 1686 730 eadem

264 762 454 805 omnibus
475 760 647 814 sapiunt.
699 758 795 807 Qua
810 773 862 799 ex
878 758 1066 799 libertate
1085 757 1189 798 nihil
1209 758 1460 805 inconmodi,
1481 759 1611 800 immo
1632 759 1685 800 ad

263 832 488 878 veritatem,
511 826 634 867 modo
656 827 874 868 verborum
903 826 1007 868 absit
1036 826 1286 868 contumelia
1306 836 1345 867 et
1365 827 1530 867 rixandi
1551 828 1685 882 pruri-

263 907 341 949 tus,
370 897 562 940 conmodi
583 896 771 938 multum.
832 897 952 937 Illam
972 912 1039 937 me
1059 896 1308 951 amplexum,
1331 912 1407 951 pro
1428 906 1563 938 vetere
1583 898 1685 938 ami-

261 969 369 1018 citia,
391 982 476 1008 non
496 981 607 1022 aegre
628 965 727 1006 feret
746 966 808 1006 vir
838 966 1104 1007 doctissimus.
1168 966 1387 1015 Laudabit,
1426 975 1487 1007 sat
1507 967 1602 1016 scio,
1635 967 1686 1008 is-

260 1046 346 1078 tum
369 1035 494 1077 animi
515 1035 595 1074 mei
625 1033 808 1074 habitum
848 1033 916 1074 Fr.
951 1034 1058 1075 Lud.
1096 1033 1358 1082 Abreschius,
1393 1035 1454 1074 vir
1477 1033 1587 1075 Clar.
1620 1035 1685 1075 cui

261 1106 390 1146 varias
421 1104 472 1144 ad
508 1102 759 1143 intricatiora
781 1101 991 1143 Herodoti
1021 1102 1144 1142 verba
1166 1102 1535 1143 animadversiones
1555 1112 1595 1144 et
1615 1118 1687 1144 ex-

259 1175 514 1231 planationes
534 1180 720 1226 acceptas
735 1170 833 1212 fero.
893 1173 1041 1222 Μεγάλη
1061 1171 1118 1211 illi
1139 1179 1179 1212 et
1202 1171 1370 1212 Reiskio
1390 1174 1504 1224 χάρις.
1565 1171 1685 1226 Ejus-

260 1243 355 1285 dem
378 1242 440 1284 Cl.
461 1242 526 1283 Jo.
551 1241 652 1282 Ern.
675 1239 796 1281 Imm.
814 1238 1016 1280 Walchio
1036 1239 1090 1280 ob
1112 1254 1224 1280 ceras
1244 1239 1475 1280 miniatulas
1497 1239 1685 1280 eruditis-

260 1312 349 1354 simi
369 1310 506 1352 Carol.
521 1311 630 1352 Sam.
656 1307 994 1358 Schurzfleischii,
1016 1309 1058 1349 in
1080 1309 1227 1364 quibus
1248 1308 1466 1350 doctorum
1488 1309 1681 1359 virorum,

261 1380 474 1429 Bocharti,
523 1378 663 1429 Fabri,
705 1377 870 1428 Valesii,
912 1377 1047 1418 Vossii
1082 1387 1123 1419 et
1154 1378 1341 1428 aliorum,
1373 1378 1424 1419 de
1461 1377 1684 1419 Herodoto

258 1465 343 1492 non
376 1448 481 1490 male
515 1448 768 1496 meritorum,
800 1446 965 1496 indicia,
998 1446 1220 1501 exscriptas
1251 1460 1302 1487 ex
1334 1446 1531 1488 Gothana
1554 1447 1683 1488 Bibli-

257 1519 417 1567 otheca,
449 1516 610 1557 debitor
630 1530 732 1556 sum.
795 1515 1018 1556 Adleverat
1038 1529 1123 1556 non
1143 1514 1319 1555 multum
1341 1515 1553 1556 dissimiles
1573 1530 1681 1556 mar-

256 1588 419 1644 ginibus
459 1584 717 1640 Her-vagiani
757 1582 933 1637 exempli
964 1583 1061 1623 anni
1097 1596 1254 1623 MDXLI.
1289 1582 1354 1623 M.
1389 1583 1548 1634 Sladus,
1580 1599 1679 1639 quas

257 1656 392 1698 Celcb.
431 1654 519 1695 Pet.
559 1652 824 1693 Burmannus
863 1651 1088 1701 Secundus,
1121 1651 1265 1692 talium
1285 1651 1397 1693 haud
1417 1667 1563 1707 parcus
1584 1668 1680 1709 pro-

255 1740 357 1774 mus,
394 1722 564 1771 condus,
596 1736 706 1761 meas
740 1735 839 1770 esse,
873 1729 920 1761 ut
954 1720 1032 1761 alia
1052 1719 1196 1771 multa,
1227 1720 1369 1770 voluit,
1401 1736 1477 1762 nec
1506 1737 1592 1763 non
1625 1723 1679 1764 Is.

253 1793 388 1836 Vossii
408 1792 675 1846 conjecturas,
707 1804 833 1830 manu
852 1789 994 1845 magni
1027 1788 1184 1829 Graevii
1204 1789 1387 1843 scriptas,
1419 1798 1460 1830 et
1488 1790 1576 1831 Jac.
1600 1791 1677 1833 Ph.

254 1859 477 1905 D’Orvillii
509 1857 660 1912 plures.
733 1855 1042 1898 D’Orvillianas
1082 1856 1220 1906 serius,
1267 1871 1392 1912 opere
1431 1857 1678 1900 Herodoteo

252 1931 328 1972 fini
345 1928 550 1985 proximo,
581 1925 786 1980 usurpavi,
818 1933 858 1965 et
876 1939 1070 1982 magnam
1098 1934 1256 1980 partem
1277 1925 1328 1966 ad
1349 1928 1676 1969 conmentarium

255 1999 330 2041 viri
370 1993 630 2040 eruditissimi
662 1994 704 2034 in
728 1992 997 2035 Charitonem
1027 1992 1187 2035 additas
1216 1993 1415 2043 intellexi;
1457 1995 1677 2039 Vossianas

254 2081 393 2110 coram
424 2063 525 2106 mihi
559 2061 656 2104 olim
693 2061 801 2104 Clar.
823 2062 888 2104 Jo.
925 2062 1100 2112 Alberti,
1132 2063 1246 2118 cujus
1280 2071 1454 2104 mortem
1484 2065 1672 2106 nondum

254 2136 469 2183 eluximus,
502 2130 739 2173 tradiderat.

312 2266 498 2309 Solidum
530 2274 667 2305 tamen
689 2263 776 2305 Pet.
807 2262 1038 2304 Burmanni
1075 2262 1266 2313 Secundi,
1309 2263 1385 2305 viri
1420 2264 1668 2317 amicissimi,

250 2336 509 2379 beneficium:
541 2334 607 2374 cui
641 2341 681 2373 et
711 2332 875 2388 reliquis
903 2331 1093 2373 omnibus
1123 2332 1406 2374 laudatissimis
1435 2333 1670 2377 hominibus

252 2407 310 2448 uti
330 2403 505 2447 debendi
526 2417 618 2443 reus
630 2416 733 2452 sum,
754 2402 810 2442 ita
825 2415 948 2442 nemo
968 2400 1044 2442 sibi
1064 2400 1273 2443 addictum
1289 2404 1418 2460 magis
1438 2412 1479 2444 et
1498 2404 1668 2446 obstric-

246 2485 335 2517 tum
353 2489 419 2515 me
439 2481 479 2514 et
512 2470 777 2513 Herodotum
811 2470 946 2520 habet,
978 2485 1102 2526 quam
1138 2471 1188 2512 L.
1227 2472 1273 2513 C.
1312 2472 1665 2516 VALcKENARms.

252 2545 440 2598 Namque
472 2550 517 2583 ut
536 2547 731 2595 conperto
761 2539 918 2594 accepit
949 2539 1011 2579 vir
1040 2538 1234 2581 diuturna
1264 2540 1535 2582 familiaritate
1563 2541 1665 2583 mihi

294 2690 309 2706 ·⁴
334 2683 644 2729 [Animadversiones
657 2683 698 2713 ad
721 2682 931 2713 Herodotum.
977 2682 1017 2712 ad
1042 2682 1169 2712 Graecos
1195 2684 1350 2713 Auctores
1372 2682 1445 2713 Vol.
1460 2683 1529 2714 111.
1551 2683 1665 2723 Lipsiae

255 2743 291 2770 {n
302 2740 353 2771 Jo.
365 2739 472 2770 Jacob}
489 2737 603 2768 Reiske
617 2735 931 2767 Animadversionum
978 2739 1068 2767 1761.
1082 2746 1152 2778 pag.
1167 2740 1322 2768 81—182.
1342 2737 1386 2779 S.]
