1763 3116
622 178 790 213 PRAEFA
797 178 898 211 T10.

79 320 204 363 quam
223 313 266 349 et
283 305 338 348 de
357 307 594 362 conjectura
611 319 744 360 pauca
763 303 946 345 refinxit.

1391 170 1512 218 xxix

1007 303 1117 354 Quae
1148 306 1315 361 quidem
1348 307 1514 351 libertas

79 376 243 418 laudem
259 377 407 432 potius,
422 391 545 432 quam
567 375 873 416 insultationem
894 388 942 415 ac
962 374 1146 416 odiosam
1168 377 1513 430 criminationem,

78 446 242 487 meruit.
303 445 538 487 Peccaverit
558 445 621 486 vir
651 443 816 501 egregie
848 443 1011 485 sedulus
1042 444 1085 484 in
1119 445 1382 500 quibusdam:
1414 448 1518 504 quid

79 512 159 555 illis
179 515 400 564 usuvenit,
437 514 508 570 qui
527 512 699 555 schedas
730 512 920 553 omnium
954 513 1304 556 emendatissimas
1335 525 1516 560 ostenta-

80 581 203 624 runt?
225 583 344 638 Opus
360 584 402 624 in
418 591 568 626 cuncto
584 582 664 623 hoc
683 595 835 638 genere
855 595 954 622 cura
974 591 1046 632 est,
1069 597 1192 638 quam
1214 584 1396 626 humana
1416 600 1518 628 con-

82 794 197 821 torum.
243 790 333 826 Quin
358 782 390 821 et
403 789 438 820 in
452 788 598 820 secundae
614 786 774 818 Editionis

84 842 275 874 Praefatione
291 844 364 875 satis
380 844 474 875 etiam
489 843 601 874 diserte
616 842 773 882 professus

83 904 137 935 est,
154 899 269 929 frustra
293 909 326 929 se
341 898 380 929 ad
402 898 495 929 illum
519 897 604 927 diem
618 901 708 926 vetus
722 904 774 925 ex-

84 952 211 993 emplar,
229 963 247 983 e
261 964 324 994 quo
349 953 382 983 hi
405 952 477 983 libri
501 950 612 992 corrigi
637 955 772 990 possent,

81 1012 286 1047 exspectasse.
330 1007 445 1048 Atque,
480 1012 519 1037 ut
553 1005 656 1036 dicam
691 1003 778 1045 quod

82 1061 192 1097 sentio,
209 1060 331 1092 videtur
346 1061 423 1091 mihi
447 1061 494 1091 H.
512 1060 689 1099 Stephanus
703 1057 776 1088 nul-

83 1114 153 1147 lum
182 1126 308 1155 prorsus
337 1115 486 1146 Codicem
516 1113 774 1152 manuscriptum,

83 1169 124 1200 ad
138 1170 230 1209 cujus
256 1169 351 1199 fidem
369 1167 526 1199 Herodoti
544 1165 702 1197 Historias
726 1176 775 1196 re-

82 1228 291 1265 cognosceret,
302 1223 343 1254 ob
354 1223 464 1253 oculos
471 1222 625 1252 habuisse.
640 1220 738 1257 Quod
752 1219 778 1250 si

82 1278 154 1320 quis
176 1289 251 1310 vero
275 1289 315 1310 ex
337 1289 390 1310 me
414 1284 544 1320 quaerat,
571 1276 657 1309 unde
680 1276 778 1318 igitur

83 1332 294 1377 διτταγξαφῖας
320 1333 390 1363 illas
418 1332 558 1363 hauserit
589 1333 776 1372 Stephanus,

85 1394 164 1425 quas
178 1391 210 1416 et
222 1385 257 1415 in
271 1384 382 1424 prioris
403 1383 548 1414 editionis
573 1382 775 1424 marginibus,

83 1445 116 1470 et
139 1439 326 1480 copiosiores
345 1439 440 1470 etiam
454 1438 489 1468 in
509 1437 669 1468 Editionis
686 1437 776 1468 Grae-

85 1492 266 1522 co·Latinae
290 1491 353 1522 oris
375 1490 535 1521 exhibuit?
556 1489 694 1529 primum
718 1490 779 1520 hoc

85 1542 261 1574 tenendum
285 1549 339 1579 est,
364 1553 430 1573 esse
443 1541 570 1572 illarum
587 1541 779 1572 Lectionum

84 1597 309 1639 marginalium
331 1597 392 1628 tria
416 1606 541 1637 genera.
570 1594 703 1631 Scilicet,
729 1600 776 1624 ta-

86 1651 178 1683 metsi
212 1651 384 1692 unicuique
413 1661 523 1682 earum
558 1651 639 1680 hanc
669 1656 778 1681 notam

86 1698 164 1749 vy—e'oet
179 1703 227 1748 (id
242 1710 297 1741 est,
326 1703 488 1746 γράφεται)
513 1702 648 1742 praefixit
664 1702 778 1733 Editor

87 1767 193 1792 tamen
214 1770 286 1800 pars
300 1759 483 1790 earumdem
499 1767 565 1787 non
580 1757 639 1787 nisi
654 1756 776 1796 conjec-

87 1822 167 1846 turae
192 1820 275 1850 sunt,
301 1823 339 1843 ex
367 1812 483 1853 quibus
507 1810 673 1842 mendosas
701 1820 779 1851 quas

86 1869 141 1900 ille
161 1868 315 1910 judicavit
343 1867 477 1898 Aldinas
504 1865 654 1896 lectiones
684 1864 778 1895 corri-

88 1927 208 1969 gendas
222 1926 354 1957 censuit.
381 1925 530 1956 Alterum
542 1932 589 1955 est
605 1923 779 1954 lectionum

85 1982 310 2025 marginalium
323 1992 425 2023 genus
439 1990 556 2017 earum,
572 1990 650 2022 quas
665 1990 704 2010 ex
719 1979 777 2010 Al-

87 2038 164 2070 ‹lino
199 2044 358 2073 contextu,
388 2042 552 2077 tamquam
579 2034 777 2065 manifestius

87 2093 222 2128 vitiosas,
237 2091 328 2132 ejecit
344 2090 466 2127 Editor,
483 2089 539 2120 sed
554 2095 659 2120 tamen
674 2089 709 2120 in
723 2100 777 2121 ora

87 2147 280 2180 adnotandas
295 2146 462 2188 judicavit.
486 2145 636 2187 Denique
649 2146 778 2176 tertium

88 2209 190 2240 genus
203 2198 266 2229 tale
291 2204 346 2232 est,
371 2203 408 2228 ut
433 2196 569 2227 dubitari
581 2197 711 2238 quidem
725 2197 776 2227 vix

85 2252 184 2294 possit
192 2262 258 2283 esse
269 2262 321 2282 eas
328 2262 346 2282 e
352 2252 391 2282 M
396 2252 450 2282 Sto
454 2250 534 2282 libro
541 2250 660 2290 ductas;
666 2261 777 2293 quem-

87 2307 262 2338 admodum
274 2307 369 2337 etiam
378 2306 487 2337 multae
501 2317 539 2337 ex
548 2306 604 2343 his,
621 2317 692 2348 quae
707 2307 777 2339 loco

87 2362 259 2403 ejectarum
278 2359 468 2391 Aldinarum
489 2360 523 2390 in
539 2367 688 2392 contextu
712 2362 780 2393 Ste-

89 2414 186 2458 phani
202 2415 396 2451 exhibentur,
411 2416 497 2446 haud
508 2417 603 2448 dubie
618 2428 636 2447 e
650 2418 780 2449 vetustis

89 2470 178 2502 libris
201 2470 305 2502 ductae
330 2476 414 2501 sunt.
460 2470 521 2501 Sed
535 2471 575 2502 de
589 2472 649 2503 hoc
663 2482 778 2513 genere

88 2526 134 2558 ita
147 2525 351 2557 statuendum
366 2524 501 2556 videtur:
520 2535 616 2557 usum
628 2537 694 2557 esse
711 2527 779 2558 Ste-

90 2580 234 2623 phanum
271 2577 416 2618 exemplo
457 2578 594 2618 quodam
622 2578 686 2610 sive
720 2580 777 2610 Al-

89 2632 173 2664 dinae
188 2633 251 2663 sive
268 2633 480 2674 Hervagianae
497 2633 667 2673 Editionis,
689 2635 780 2676 cujus

91 2688 125 2718 in
146 2687 342 2729 marginibus
362 2688 477 2728 partim
499 2687 648 2719 lectiones
670 2699 689 2720 e
710 2700 778 2720 ma-

91 2743 252 2782 nuscripto
266 2742 403 2785 quodam
418 2742 534 2779 codice,
552 2743 630 2784 (sive
645 2743 690 2774 illi
710 2744 782 2785 plu-

88 2808 137 2829 res
151 2797 264 2837 fuere)
289 2799 402 2839 partim
415 2809 490 2830 vero
512 2797 597 2830 docti
618 2797 784 2841 cujusdam

10 667 20 675 ’
79 651 184 694 ditio
204 652 398 703 admittit,
420 652 633 709 diligente:
666 665 714 691 ea
743 649 970 705 prudenter
990 651 1182 703 insumta,
1205 653 1237 694 si
1259 653 1329 709 qui
1351 654 1515 706 cadant,

817 785 876 817 viri
891 787 1080 828 conjecturae
1095 789 1140 821 ita
1155 791 1334 830 promiscue
1359 792 1517 824 adnotatae

817 841 958 879 fuissent,
975 849 1012 873 ut
1028 843 1166 875 incertus
1192 845 1325 877 subinde
1350 845 1417 886 ipse
1444 847 1514 878 Ste-

818 895 942 934 phanus
966 897 1069 934 fuerit,
1096 904 1206 929 utrum
1229 905 1384 930 evetusto
1407 900 1516 931 codice

820 948 916 980 ducta
929 950 1039 983 fuisset
1052 952 1158 995 aliqua
1181 953 1345 994 scriptura,
1366 964 1408 984 an
1431 964 1514 985 non-

820 1003 880 1034 nisi
906 1005 1094 1046 conjecturae
1119 1007 1294 1038 deberetur.
1339 1008 1441 1049 Cujus
1470 1010 1517 1039 rei

821 1069 922 1099 quum
937 1059 1039 1090 multa
1052 1059 1113 1090 alia
1126 1061 1205 1091 mihi
1215 1061 1300 1092 visus
1315 1072 1386 1092 sum
1401 1062 1518 1093 indicIa

822 1114 991 1150 observare,
1017 1120 1087 1144 tum
1112 1114 1193 1145 illud
1212 1115 1286 1146 satis
1300 1116 1514 1154 manifestum,

821 1164 918 1204 quod,
933 1171 1101 1205 postquam
1118 1166 1172 1196 lib.
1188 1167 1235 1196 II.
1252 1177 1320 1206 cap.
1334 1170 1385 1198 47.
1399 1177 1457 1207 pro
1471 1167 1518 1197 vi-

821 1218 900 1248 tiosa
917 1218 994 1249 Aldi
1010 1219 1162 1260 scriptura
1176 1221 1314 1255 οἶσθενείπς
1330 1222 1406 1257 βιούς
1423 1235 1456 1253 τε
1471 1235 1517 1252 τι-

822 1275 869 1308 νὰς
893 1276 1062 1310 πλάσαντες
1080 1275 1119 1312 ὃς,
1137 1276 1330 1307 verissimam
1345 1277 1435 1313 hanc,
1460 1278 1517 1308 do·-

821 1329 903 1372 έενεῖῃ
924 1329 996 1366 βίον,
1020 1331 1170 1365 σταιτίνας
1197 1332 1366 1366 πλάσαντες
1393 1331 1434 1367 εἷς,
1461 1342 1518 1371 po-

822 1383 942 1420 suisset,
966 1383 1080 1415 deinde
1102 1385 1136 1415 in
1160 1385 1339 1425 posterioris
1361 1384 1521 1416 Editionis

824 1438 1023 1476 Praefafione,
1059 1440 1130 1471 loco
1159 1441 1384 1480 probatissimae
1421 1441 1518 1482 hujus

822 1490 993 1530 scripturae,
1008 1491 1112 1528 aliam,
1130 1498 1162 1522 et
1176 1503 1245 1523 eam
1260 1492 1388 1534 quidem
1403 1502 1518 1532 parum

821 1545 1022 1584 probabilem,
1040 1557 1099 1577 sua
1120 1546 1159 1577 de
1173 1548 1353 1588 conjectura
1366 1557 1519 1587 proposu-

821 1599 861 1629 it:
890 1599 944 1640 qui
959 1600 985 1630 si
1003 1600 1141 1631 scivisset
1156 1612 1223 1632 esse
1241 1602 1333 1632 istam
1349 1612 1388 1632 ex
1402 1612 1517 1633 manu-

821 1653 943 1693 scriptis
964 1654 1050 1685 libris
1067 1655 1204 1692 ductam,
1231 1656 1290 1698 (sic
1305 1651 1390 1686 enim
1404 1655 1518 1698 legunt

820 1714 940 1738 veteres
975 1708 1097 1740 codices
1132 1709 1363 1749 propemodum
1392 1711 1517 1751 omnes)

822 1771 886 1791 non
902 1768 968 1793 erat
981 1763 1086 1793 medio
1100 1764 1134 1793 in
1148 1763 1214 1794 sole
1229 1765 1394 1795 obscuram
1416 1763 1518 1795 lucer-

822 1827 896 1847 nam
912 1817 1204 1858 circumspecturus.
1250 1820 1417 1856 Caeterum,
1436 1820 1518 1851 sicut

820 1872 855 1902 in
884 1873 1003 1903 Graecis
1025 1873 1127 1904 multa
1149 1874 1319 1904 rectissime
1354 1874 1520 1906 constituit

822 1926 906 1957 idem
924 1927 1109 1968 Stephanus,
1133 1927 1177 1958 sic
1204 1934 1235 1958 et
1258 1928 1297 1958 de
1313 1927 1429 1960 Latina
1449 1939 1518 1960 ver-

822 1981 910 2013 sione
922 1983 1074 2013 hactenus
1087 1982 1206 2023 optime
1217 1983 1348 2013 meritus
1362 1989 1417 2019 est,
1430 1983 1517 2024 quod

820 2036 855 2066 in
869 2036 1039 2077 posteriore
1054 2036 1198 2074 editione,
1229 2037 1263 2067 in
1277 2048 1340 2079 qua
1358 2037 1518 2068 Herodoti

825 2091 943 2122 Graecis
970 2091 1074 2123 Vallae
1105 2091 1222 2123 Latina
1250 2092 1401 2134 adjuncta
1432 2098 1517 2130 sunt,

819 2146 964 2187 pluribus
986 2146 1020 2177 in
1043 2146 1119 2177 locis
1133 2147 1188 2178 ubi
1201 2147 1313 2178 vitiosa
1328 2147 1431 2178 Vallae
1446 2157 1514 2178 ver-

820 2203 866 2233 sio
880 2210 934 2239 est,
947 2201 1175 2244 (praetermissis
1188 2202 1316 2244 quidem
1331 2202 1427 2243 longe
1442 2201 1515 2243 plu—

819 2257 913 2293 ribus,
931 2267 1003 2298 quae
1026 2256 1168 2298 ejusdem
1191 2262 1266 2287 sunt
1285 2255 1434 2296 generis,)
1460 2267 1515 2296 ap-

821 2312 934 2344 tiorem
954 2311 1243 2353 interpretationem
1264 2311 1298 2341 in
1314 2321 1368 2341 ora
1388 2310 1516 2351 adjecit:

821 2378 887 2410 quo
900 2373 1019 2408 spectat
1039 2367 1073 2397 id
1086 2366 1173 2408 quod
1195 2366 1229 2396 in
1252 2364 1346 2396 titulo
1372 2364 1514 2406 ejusdem

823 2422 968 2454 editionis
1003 2422 1051 2452 his
1083 2420 1182 2451 verbis
1210 2419 1410 2461 praedicatus,
1440 2429 1516 2450 cum

824 2477 927 2509 Vallae
941 2476 1195 2517 interpretatione
1211 2474 1327 2506 Latina
1350 2475 1390 2505 ab
1412 2473 1514 2508 Henr.

825 2535 984 2574 Stephano
1008 2532 1176 2574 recognita.
1222 2531 1356 2562 Eaedem
1380 2531 1515 2572 castiga-

822 2590 923 2620 tiones
937 2588 1086 2620 versionis
1101 2586 1324 2619 Laurentianae
1346 2584 1461 2616 deinde
1481 2585 1517 2615 in

822 2644 959 2676 editione
972 2641 1191 2685 Jungermani,
1215 2648 1246 2673 et
1260 2642 1294 2672 in
1309 2640 1514 2677 Londinmsi,

822 2711 894 2742 quae
923 2699 1024 2731 Galeo
1048 2698 1146 2739 vulgo
1166 2697 1262 2728 tribui
1286 2696 1373 2732 solet,
1394 2696 1427 2726 in
1449 2694 1514 2726 ima

825 2764 880 2785 ora
893 2753 1046 2796 cujusque
1061 2750 1184 2793 paginae
1204 2749 1399 2782 exhibentur.
1423 2744 1474 2785 S·]
