1819 3121
542 161 895 209 THALIA
965 162 1061 210 ΙΙΙ.
1377 172 1470 211 233

123 293 253 353 λέγειν
276 291 455 348 ἀληθέα,
480 293 606 346 αὐτός
619 312 662 340 τε
687 293 955 357 προδεδόσθαι
976 295 1021 341 ἐκ
1038 295 1314 358 Πρηξάσπεος,
1340 298 1470 359 (πεμ-

126 369 285 428 φθέντα
324 367 407 432 γαρ
443 368 566 415 αὐτδν
599 371 649 423 ὦς
682 370 976 417 ἀποκτενέοντα
1014 370 1197 434 Σμέρδιν,
1235 373 1280 418 οὐ
1304 376 1470 426 ποιῆσαι

123 444 304 506 ταῦτα,)
339 445 516 508 βλέψας
551 447 588 498 ἐς
621 444 686 492 τὸν
723 447 988 510 Πρηξάσπεα,
1024 448 1120 494 εἷπε·
1155 453 1182 474 “
1211 449 1468 511 Πρηξασπες,

128 528 155 548 “
179 521 283 569 οὕτω
316 540 386 584 μοι
423 521 631 585 διεπρηξαο
665 521 712 570 τό
735 542 797 570 τοι
821 524 1058 587 προσέθηκα
1084 528 1259 588 πρῆγμα
1269 524 1303 579 ;”
1341 528 1403 572 ‘O
1428 525 1467 573 δὲ

41 606 101 645 10
123 598 223 646 εἷπε·
264 597 386 645 “TO
424 599 618 655 δέσποτα,
654 601 728 646 οὐκ
762 600 846 647 ἔστι
879 606 1021 648 ταῦτα
1046 602 1225 658 ἀληθέα,
1251 601 1351 655 ὅκως
1372 603 1467 650 κοτέ

124 683 151 704 “
174 694 234 722 σοι
272 675 442 740 Σμέρδις
477 675 670 736 ἀδελφεός
704 677 726 722 o‘
757 677 824 731 σὸς
847 678 1104 734 ἐπανέστηκε,
1131 678 1218 726 οὐδὲ
1242 678 1342 732 ὅκως
1364 700 1405 726 τι
1429 682 1468 735 ἐξ

121 762 150 784 “
175 756 319 803 ἐκείνου
353 761 426 803 τοῦ
460 756 595 820 ἁνδρδς
629 757 748 810 νεῖκός
781 777 842 804 τοι
878 759 992 806 ἔσται
1027 760 1048 813 ἢ
1084 759 1202 822 μέγα
1235 761 1256 814 ἢ
1293 760 1471 824 σμικρόν·

122 839 149 860 “
172 832 252 893 ἐγῶ
274 831 356 897 γαρ
379 832 516 888 αὐτὸς,
552 835 723 888 ποιησας
757 833 815 881 τα
848 836 897 882 συ
931 856 983 898 με
1008 837 1194 892 ἐκέλευες,
1218 836 1380 897 ἔθαψά
1402 858 1471 901 μιν

124 916 152 937 “
176 909 289 973 χερσὶ
321 912 412 973 τῇσι
448 911 663 972 ἐμεωυτοῦ.
700 913 732 958 εἰ
763 912 835 975 μέν
858 932 919 959 νυν
954 916 994 960 οἱ
1011 917 1222 968 τεθνεῶτες
1246 915 1471 972 ἀνεστέασι,

37 993 96 1032 15
121 992 147 1013 “
170 985 381 1049 προσδέκεό
405 1005 466 1033 τοι
481 985 557 1033 καὶ
577 986 833 1048 Ἀστυάγεα
849 988 914 1036 τᾶν
933 990 1074 1044 Μῆδον
1093 992 1469 1045 ἐπαναστησεσθαι·

125 1071 151 1092 “
175 1066 207 1111 εἰ
230 1063 262 1110 δ’
300 1064 382 1111 ἔστι
406 1065 535 1128 ὥσπερ
569 1063 644 1128 πρὸ
666 1070 753 1121 τοῦ,
779 1068 824 1113 οὐ
846 1068 904 1129 μη
927 1087 966 1113 τι
990 1086 1052 1114 τοι
1076 1068 1121 1114 ἔκ
1145 1087 1192 1128 γε
1217 1069 1362 1116 ἐκείνου
1386 1070 1472 1116 νεώ-

121 1146 150 1168 “
174 1159 277 1204 τερον
301 1138 615 1194 ἀναὲλαστησει.
639 1145 701 1187 νῦν
724 1140 772 1186 ὧν
794 1161 865 1204 μοι
891 1142 1027 1198 δοκέει,
1051 1144 1387 1205 μεταδιώξαντας
1404 1144 1471 1192 τὸν

122 1223 153 1243 “
176 1217 346 1280 κηρυκα,
383 1216 579 1279 ἐξετάζειν
613 1218 862 1280 εἰρωτεῦντας
895 1219 990 1281 παρ’
1030 1217 1120 1266 ὅτευ
1155 1216 1256 1273 ἥκων
1291 1240 1471 1284 προαγο-

123 1300 150 1321 “
172 1293 268 1358 ρεὺει
290 1295 381 1356 ἡμῖν
407 1293 601 1357 Σμέρδιος
622 1296 823 1356 βασιλῆος
847 1294 1047 1341 ακοὺειν.”

185 1386 327 1417 LXIII.
363 1372 523 1417 Ταῦτα
558 1374 744 1423 εἴπαντος
780 1372 1058 1434 Πρηξάσπεος,
1094 1373 1197 1437 ἤρεσε
1232 1374 1314 1439 γοὶρ
1341 1378 1468 1440 Καμ-

123 1445 236 1510 ἓὺση,
261 1446 420 1493 αὐτίκα
453 1447 734 1510 μεταδίωκτος
759 1447 962 1510 γενόμενος
987 1448 1008 1494 0‘
1028 1453 1149 1513 κῆρυξ
1171 1448 1259 1504 ἧκε.
1285 1452 1470 1516 ἀπιγμέ-

118 1542 175 1570 νον
199 1524 238 1570 δέ
261 1544 329 1587 μιν
353 1529 470 1588 εἴρετο
506 1524 528 1570 ὁ
561 1525 808 1588 Πρηξάσπης
831 1525 946 1572 τάδε·
973 1532 999 1553 “
1021 1527 1263 1590 ”Ωνθρωπε,
1288 1529 1366 1592 φῂς
1389 1528 1470 1594 γαρ

121 1608 147 1628 “
169 1601 274 1656 ἥκειν
307 1599 424 1665 παροὶ
461 1600 653 1665 Σμέρδιος
686 1606 760 1648 τοῦ
797 1601 931 1666 Κόρου
955 1601 1152 1662 οἵγγελος·
1179 1608 1240 1650 νῦν
1263 1603 1329 1662 ὧν,
1353 1610 1472 1660 εἴπας

64 1686 94 1724 5
121 1684 149 1705 “
170 1677 238 1731 τὴν
272 1677 481 1733 ἀληθηΐην,
517 1677 646 1724 ἄπιθι
681 1677 842 1741 χαίρων.
879 1677 1026 1742 κότερα
1061 1678 1188 1731 αὐτός
1209 1698 1270 1726 τοι
1297 1679 1472 1746 Σμέρδις

121 1764 148 1784 “
171 1756 404 1820 φαινόμενος
443 1758 481 1821 ἐς
515 1756 613 1816 ὄψιν
647 1758 867 1804 ἐνετέλλετο
901 1763 1057 1814 ταῦτα,
1092 1760 1115 1813 ἢ
1142 1764 1217 1805 τῶν
1240 1779 1301 1813 τις
1324 1762 1470 1809 ἐκείνου

121 1839 148 1860 “
172 1832 386 1897 ὑπηρετέων
394 1833 431 1888 ;”
470 1835 532 1880 ‘O
551 1833 590 1881 δὲ
615 1834 713 1880 εἷπε·
741 1840 770 1861 “
794 1833 914 1894 Ἐγῶ
939 1834 1109 1899 Σμέρδιν
1132 1835 1204 1898 μὲν
1226 1835 1293 1883 τόν
1320 1837 1469 1902 Κύρου,

120 1917 148 1938 “
171 1911 210 1966 ἐξ
245 1910 339 1969 ὅτου
372 1910 573 1975 βασιλευς
610 1909 841 1974 Καμέὑσης
865 1912 993 1964 ἤλασε
1019 1913 1056 1965 ἐς
1080 1912 1317 1973 Αἴγυπτον,
1342 1914 1389 1961 οὔ
1411 1936 1470 1962 κω

119 1993 146 2014 “
172 1986 339 2034 ὄπωπα·
367 1987 450 2034 ὁδέ
484 2007 554 2051 μοι
593 1989 765 2048 Μάγος,
801 1987 866 2034 τόν
905 1987 1372 2054 Καμὲὑσηςῆέπίτροπον
1395 1997 1470 2038 τῶν

35 2071 96 2111 10
120 2070 147 2091 “
171 2064 298 2110 οἰκίων
333 2064 511 2120 ἀπέδεξε,
536 2061 652 2117 οὗτος
674 2069 816 2111 ταῦτα
840 2065 1078 2122 ἐνετείλατο,
1103 2065 1186 2126 φας
1212 2068 1380 2132 Σμέρδιν
1403 2068 1469 2116 τόν

122 2148 148 2169 “
176 2141 309 2205 Κόρου
344 2142 439 2189 εἶναι
474 2140 541 2189 τδν
575 2146 716 2189 ταῦτα
751 2141 982 2204 ἐπιθέμενον
1018 2143 1130 2190 εἶπαι
1165 2143 1262 2208 πρὸς
1296 2145 1465 2209 ὑμέας.”

117 2220 180 2265 ‘O
202 2218 273 2281 μὲν
298 2219 344 2273 δη
368 2231 438 2278 σφι
463 2219 590 2280 ἔλεγε,
615 2218 722 2265 οὐδὲν
746 2219 1162 2283 ἐπικατεψευσμένος.
1237 2221 1470 2285 Καμέὑσης

121 2294 160 2342 δὲ
185 2296 281 2341 εἷπε·
307 2302 333 2322 “
360 2297 615 2359 Πρήξασπες,
639 2295 689 2343 σι)
711 2295 798 2358 μὲν,
825 2295 891 2342 οἶα
915 2296 1006 2360 ἀνὴρ
1029 2296 1203 2357 ἀγαθός
1226 2300 1399 2353 ποιησας
1421 2300 1470 2348 ete)

123 2379 150 2399 ‘⁶
173 2371 442 2435 κελευόμενον,
478 2373 606 2427 αι’τιήν
641 2372 911 2433 ἐκπέφευγας·
945 2373 1034 2436 ἐμοὶ
1068 2373 1107 2421 δὲ
1130 2375 1193 2428 τίς
1216 2374 1264 2422 ἂν
1289 2381 1341 2430 εἴη
1366 2380 1470 2443 Περ-

37 2458 95 2498 15
120 2458 146 2478 “
170 2450 261 2497 σέων
286 2450 307 2496 ὁ
329 2450 582 2507 ἐπανεστεῶς,
619 2449 864 2498 ἐπιέατεύων
887 2456 962 2498 τοῦ
988 2451 1179 2515 Σμέρδιος
1201 2453 1466 2516 οὐνόματος;”

119 2529 180 2573 ‘O
206 2526 244 2574 δὲ
276 2527 372 2573 εἷπε·
409 2533 437 2554 “
459 2525 578 2587 Ἐγώ
610 2546 681 2590 μοι
717 2527 837 2575 δοκέω
872 2528 1038 2575 συνιέναι
1074 2528 1121 2575 τό
1146 2529 1309 2590 γεγονός
1331 2536 1467 2588 τοῦτο,

121 2611 147 2631 “
170 2602 200 2649 ὦ
240 2606 433 2667 βασιλεῦ.
475 2605 516 2650 οἱ
547 2605 699 2664 Μάγοι
735 2605 814 2651 εἰσί
842 2624 905 2651 τοι
940 2607 980 2652 οἱ
1009 2607 1310 2664 ἐπανεστεῶτες,
1336 2608 1403 2655 τόν
1425 2629 1469 2656 τε

120 2688 147 2709 “
171 2680 306 2734 ἔλιπες
339 2679 551 2744 μελεδωνὸν
585 2686 660 2728 τῶν
695 2681 838 2738 οἰκίων,
876 2683 1155 2747 Πατιζείθης,
1181 2683 1257 2731 καὶ
1279 2684 1300 2731 o‘
1321 2685 1468 2735 τούτου

121 2764 148 2785 “
171 2756 364 2816 ἀδελφεὸς
389 2757 598 2822 Σμέρδις.”
804 2818 808 2822 ¹

201 2844 305 2882 VoL.
325 2841 358 2882 I.
708 2845 746 2883 G
763 2859 788 2897 g

1499 1391 1696 1424 eaduceator

1494 1435 1666 1477 interroga-

1493 1484 1553 1515 tus,
1570 1489 1681 1510 verum

1494 1522 1618 1554 fatetur.

1781 1433 1793 1452 Ι
