1819 3121
529 160 943 210 EUTERPE
1001 163 1071 210 ΙΙ.
1377 174 1468 214 185

116 289 150 335 ἐν
193 287 328 352 Λιζύη
352 289 503 337 ἐκδιδοῖ
531 292 554 345 ἦ
593 292 714 354 λίμνη
753 292 859 347 αὕτη
897 292 978 340 ὑπὸ
1001 297 1087 353 γῆν,
1123 295 1376 359 τετραμμένη
1415 297 1465 344 τό
1487 315 1641 345 subterra-

115 365 210 430 πρδς
235 367 391 430 ἑσπέρην
416 368 453 420 ἐς
483 367 551 421 τῆν
573 369 802 430 μεσόγαιαν
826 368 941 433 παρα
966 369 1014 416 τό
1037 369 1119 434 ὅρος
1141 370 1189 418 τό
1213 372 1310 437 ὑπὲρ
1337 374 1461 437 Μέμ-
1484 366 1667 441 ᾈΕέζῇἶῑῗυ

113 454 211 501 φιος.
278 444 411 490 Ἐπεί
435 463 477 491 τε
503 444 541 491 δὲ
565 450 638 491 τοῦ
676 446 909 509 ὀρύγματος
949 447 1096 494 τούτου
1137 449 1211 494 οὐκ
1251 450 1358 512 ὥρεον
1393 451 1459 498 τὸν
1481 444 1664 517 2323:

57 527 88 565 5
110 524 210 579 χοῦν
234 521 420 583 οὐδαμοῦ
443 520 571 577 ἐόντα,
608 522 796 585 ἐπιμελὲς
819 521 901 587 γοὶρ
926 523 971 577 δὴ
994 543 1066 587 μοι
1090 523 1146 579 ῆν,
1182 525 1332 589 εἰρόμην
1365 527 1460 581 τοῦς
1481 531 1682 603 {332⁰}ss

110 595 304 656 ἄγχιστα
328 597 531 651 οἰκέοντας
553 602 625 652 τῆς
646 600 800 662 λίμνης,
841 598 937 646 ὅκου
980 604 1033 654 εἴη
1074 600 1095 646 o‘
1132 606 1233 660 χοῦς
1257 602 1278 647 ὁ
1301 604 1455 667 ἐξορυχ-
1480 596 1569 664 Ιιῖιξιι
1597 617 1683 647 fures

108 672 212 725 θείς.
283 675 325 719 οἱ
356 673 396 720 δὲ
437 674 613 738 ἔφρασάν
662 694 733 738 μοι
785 676 849 722 ἵνα
884 677 1112 740 ἐξεφορῇθη,
1150 677 1227 724 καὶ
1266 680 1457 734 εὐπετέως
1479 659 1682 739 Ξξᾷιὶῗῗῖξὲἶ

1478 754 1586 774 sauros
1603 745 1681 775 Nini

109 746 284 795 ἔπειθον·
321 749 419 812 ᾔδεα
443 748 526 814 γαρ
547 750 661 813 λόγῳ
682 751 757 797 καὶ
793 753 827 798 ἐν
853 752 967 815 Νίνῳ
1003 756 1054 816 τῆ
1094 753 1320 818 Ἀσσυρίων
1357 756 1455 802 πόλι

1479 787 1642 826 compilas-

103 826 307 889 ’γενόμενον
344 827 465 891 ἕτερον
505 833 674 875 τοιοῦτο.
742 828 800 876 τοὶ
845 828 926 894 γαρ
977 830 1343 895 Σαρδαναπάλλου
1381 839 1455 881 τοῦ
1476 830 1681 903 ἕζῗίξὸρῑάθω

23 904 83 948 10
107 902 236 949 Νίνου
258 906 459 966 βασιλῆος
497 906 713 968 χρηματα,
751 905 865 952 ἐόντα
901 908 1092 970 μεγάλα,
1132 907 1208 955 καὶ
1245 912 1453 969 φυλασσό-

102 998 206 1042 μενα
231 981 264 1027 ἐν
289 982 523 1045 θησαυροῖσι
547 983 836 1042 καταγαίοισι,
862 984 1072 1037 ἐπενόησαν
1094 990 1255 1039 κλῶπες
1290 989 1450 1052 ἐκφορῆ-

103 1075 189 1104 σαι.
259 1059 304 1105 ἐκ
345 1058 390 1112 δῆ
413 1058 461 1104 ὧν
484 1064 558 1105 τῶν
582 1060 770 1124 σφετέρων
794 1060 923 1107 οἰκίων
947 1062 1158 1125 ἀρξάμενοι
1201 1065 1242 1109 οἱ
1273 1070 1448 1122 κλῶπες,

103 1135 185 1182 ὑπὸ
207 1140 280 1197 γῆν
303 1139 614 1200 σταθμεώμενοι
640 1139 678 1191 ἐς
700 1137 758 1185 τοὶ
781 1141 985 1202 βασιληϊα
1021 1140 1130 1187 οἰκία
1171 1141 1342 1205 ὀρυσσον.
1384 1143 1451 1190 τόν

101 1212 141 1259 δὲ
164 1218 263 1274 χοῦν
286 1212 352 1260 τὸν
377 1214 647 1278 ἐκφορεόμενον
683 1216 727 1261 ἐκ
767 1220 842 1262 τοῦ
876 1216 1123 1279 ὀρύγματος,
1159 1216 1259 1271 ὅκως
1298 1220 1450 1278 γένοιτο

14 1293 76 1336 15
100 1289 179 1346 νῦξ,
207 1292 244 1343 ἐς
266 1290 332 1338 τᾶν
358 1291 501 1354 Τίγριν
524 1290 729 1354 ποταμόν,
757 1290 1033 1355 παραῤῥέοντα
1067 1293 1135 1346 τῆν
1161 1295 1295 1351 Νῖνον,
1320 1296 1450 1355 ἐξεφό-

97 1384 190 1431 ρεον·
228 1369 265 1421 ἐς
302 1367 322 1414 δ’
356 1369 669 1432 κατεργάσαντο
707 1367 729 1414 ὅ
763 1389 802 1415 τι
844 1367 1068 1416 ἐξούλοντο.
1108 1376 1286 1418 τοιοῦτον
1327 1372 1450 1437 ἕτερον

98 1444 253 1497 ἤκουσα
275 1444 351 1492 καὶ
372 1444 422 1492 τό
444 1449 514 1499 τῆς
537 1447 572 1492 ἐν
598 1445 810 1508 Αἰγύπτῳ
849 1446 990 1508 λίμνης
1030 1446 1195 1511 ὄρυγμα
1239 1449 1446 1509 γενέσθαι*

98 1520 203 1574 πλὴν
226 1522 271 1567 οὐ
296 1520 449 1577 νυκτὸς,
485 1520 602 1568 ἀλλὰ
625 1522 715 1584 μετ’
753 1522 890 1585 ἡμέρην
931 1523 1172 1586 ποιεύμενον·
1212 1525 1449 1588 ὀρύσσοντας

98 1596 179 1661 γάρ
203 1597 269 1645 τόν
291 1603 390 1659 χοῦν
414 1598 509 1652 τοῦς
535 1599 814 1658 Αἰγυπτίους,
835 1600 872 1652 ἐς
894 1598 961 1646 τὸν
988 1602 1139 1646 Νεῖλον
1163 1601 1320 1664 φορέειν·
1348 1602 1369 1648 ὁ
1390 1601 1445 1659 δὲ,

9 1683 74 1722 20
97 1674 413 1739 ὑπολαμέάνων,
450 1676 594 1739 ἐ’μελλε
619 1675 806 1736 διαχέειν.
843 1677 865 1730 ἦ
888 1676 959 1739 μέν
985 1696 1045 1723 νυν
1068 1677 1190 1740 λίμνη
1214 1677 1321 1733 αὕτη
1344 1679 1448 1726 οὕτω

96 1753 265 1813 λέγεται
290 1753 529 1816 ὀρυχθῆναι.

161 1845 259 1876 CLI.
300 1832 391 1876 Τῶν
432 1829 472 1877 δέ
514 1830 694 1877 δυώδεκα
726 1832 932 1894 βασιλήων
957 1831 1185 1895 δικαιοσύνῃ
1206 1834 1442 1897 χρεωμένων,
1472 1849 1651 1900 Ρεαωφξιῐ.

95 1905 175 1953 &vol
197 1906 331 1971 χρόνον
353 1909 404 1960 ὡς
427 1907 582 1954 ἐ’θυσαν
607 1909 642 1954 ἐν
665 1911 722 1970 τῷ
748 1909 813 1972 ἱρῷ
837 1912 912 1954 τοῦ
933 1909 1193 1967 Ἡφαίστου,
1210 1912 1261 1972 τῆ
1286 1909 1443 1974 ὑστάτη
1467 1894 1646 1977 Ῐξέἓζῃχιζ,

93 1987 164 2037 τῆς
189 1983 299 2047 ὁρτῆς
321 1983 546 2046 μελλόντων
570 1984 874 2040 κατασπείσειν,
913 1984 935 2030 ὁ
956 1984 1139 2050 ἀρχιρεῦς
1174 1986 1328 2041 ἐξένεικέ
1372 2001 1442 2047 σφι
1467 1989 1670 2054 ζυζὲἓῒξῗξζξ

95 2061 252 2118 φιάλας
273 2060 462 2123 χρυσέας,
488 2061 590 2123 τῆσί
608 2079 678 2124 περ
702 2062 878 2108 ἐώθεσαν
910 2062 1096 2117 σπένδειν,
1138 2062 1331 2127 ἁμαρτῶν
1370 2069 1445 2112 τοῦ
1466 2065 1623 2140 fflgjgffis

41 2145 70 2183 5
95 2137 292 2201 ἀριθμοῦ,
317 2136 468 2193 ἕνδεκα,
494 2138 675 2184 δυώδεκα
700 2139 816 2184 ἐοῦσι.
857 2139 1047 2207 ἐνθαῦτα
1070 2140 1121 2191 ως
1144 2140 1218 2185 οὐκ
1242 2140 1323 2200 εἶχε
1348 2144 1443 2200 φιά-
1531 2134 1551 2149 ⁰
1625 2131 1631 2140 ι

93 2223 162 2268 λην
188 2213 209 2259 ὁ
231 2213 407 2274 ἔσχατος
430 2214 569 2267 ἑστεὼς
604 2214 752 2261 αὐτέων
778 2214 1138 2277 Ψαμμίτιχος,
1174 2217 1443 2280 περιελόμενος

94 2290 162 2345 τῆν
185 2291 332 2346 κυνέην,
357 2292 497 2338 ἐοῦσαν
518 2291 718 2352 χαλκέην,
743 2291 897 2352 ὑπέσχε
921 2310 964 2338 τε
988 2290 1064 2337 καὶ
1087 2291 1255 2339 ἔσπενδε.
1299 2295 1443 2348 κυνέας

98 2366 137 2413 δέ
160 2366 235 2413 καί
259 2369 298 2413 οἱ
317 2366 440 2413 ἄλλοι
464 2366 646 2421 ἅπαντες
670 2367 818 2431 ἐφόρεόν
842 2386 885 2415 τε
909 2371 1118 2431 βασιλῆες,
1159 2368 1236 2415 καὶ
1258 2370 1442 2431 ἐτύγχα-

92 2463 150 2490 νον
189 2444 282 2491 τότε
323 2443 488 2504 ἔχοντες.
524 2445 811 2507 Ψαμμίτιχος
842 2446 914 2508 μέν
957 2465 1017 2491 νυν
1059 2444 1182 2491 οὐδενὶ
1205 2445 1347 2510 δολερῷ
1371 2447 1441 2511 νόῳ

13 2530 72 2569 10
94 2523 324 2585 χρεώμενος,
363 2521 516 2582 ὑπέσχε
541 2521 608 2575 τῆν
630 2522 774 2576 κυνέην.
811 2524 851 2569 οἱ
878 2523 932 2576 δέ,
963 2524 997 2569 ἐν
1033 2521 1135 2585 φρενὶ
1165 2521 1360 2576 λαὲόντες
1393 2525 1439 2571 τό

94 2618 137 2646 τε
161 2598 327 2653 ποιηθὲν
350 2600 396 2645 ἐκ
412 2599 716 2662 Ψαμμιτίχου,
737 2599 813 2646 καὶ
830 2599 878 2646 τὸ
900 2601 1126 2664 χρηστηριον
1150 2598 1172 2645 ὅ
1192 2619 1232 2645 τι
1257 2600 1441 2664 ἐκέχρησ-

91 2675 138 2722 τό
179 2688 264 2734 σφι,
299 2675 365 2723 τᾶν
388 2676 551 2739 χαλκέη
590 2677 817 2723 σπείσαντα
849 2678 979 2724 αὐτῶν
1009 2678 1149 2740 φιάλη,
1184 2681 1325 2724 τοῦτον
1356 2681 1440 2742 βα-

92 2755 215 2805 σιλῆα
239 2752 406 2800 ἐ’σεσθαι
431 2759 571 2816 μοῦνον
598 2754 843 2813 Αἰγύπτου·
880 2754 1200 2817 ἀναμνησθέντες
1223 2759 1297 2802 τοῦ
1319 2775 1439 2818 χρησ-

162 2828 266 2866 VoL.
286 2828 317 2866 Ι.
751 2832 788 2868 A
803 2845 824 2868 a
