1763 3116
250 167 387 216 xxxii

873 177 1148 210 PRAEFATlo.

240 315 281 350 et
311 305 446 348 Vallae
476 318 640 359 quoque
670 301 844 352 Latinis,
876 301 1092 357 adscriptis
1122 301 1490 352 Adnotationibus,
1521 302 1676 344 exactis

233 374 420 432 profecto
452 381 494 414 et
522 371 707 421 eruditis,
738 370 939 426 adspersit
971 369 1172 427 Lugduni
1193 370 1451 413 Batavorum
1481 384 1673 413 MDCCXV.

234 445 396 501 Magna
417 442 516 484 hinc
538 440 756 484 Gronovio
785 440 873 482 laus
904 448 945 481 et
963 440 1110 497 gloria,
1131 454 1266 496 neque
1299 440 1513 489 inmerita3
1544 454 1671 496 quam

229 515 359 555 nimia
388 522 528 555 tamen
557 520 599 552 et
627 525 747 565 paene
767 510 1048 564 superstitiosa
1075 509 1169 550 libri
1202 510 1433 551 Florentini
1459 510 1671 552 veneratio

230 582 424 625 nonnihil
457 581 725 623 dedecorasse
765 580 849 620 visa
884 588 956 620 est.

1037 578 1136 619 Non
1175 580 1384 633 exprobro
1423 579 1672 621 virulentam

232 651 400 694 dicendi
418 650 701 699 acerbitatem,
723 648 832 689 viros
851 647 1072 702 praeclaros
1092 662 1147 689 ex
1161 647 1241 689 levi
1261 648 1396 703 culpa,
1419 663 1529 704 saepe
1548 650 1675 690 etiam

235 722 362 771 nulla,
379 721 645 768 lacerantem3
675 732 810 773 neque
831 732 879 758 ea
903 717 1063 772 ingero,
1086 732 1180 772 quae
1200 717 1314 758 docti
1332 717 1538 768 homines,
1561 717 1676 759 Kiis-

236 799 362 840 terus,
387 789 622 846 Berglerus,
648 787 1026 841 Bouheriusratque
1055 786 1123 827 alii
1153 787 1238 842 ejus
1259 788 1302 827 in
1324 785 1680 837 Adnotationibus

237 860 549 904 desiderarunt:
578 856 859 913 cognitissima
870 855 947 896 ista
963 863 1072 903 sunt,
1097 855 1209 897 haud
1229 855 1440 905 effectura,
1461 862 1509 896 ut
1529 855 1680 897 summi

237 931 331 981 viri,
354 943 475 986 quem
497 928 715 970 docentem
744 926 907 981 juvenis
937 924 1162 966 admiratus
1191 925 1265 976 sui,
1298 925 1417 967 labor
1445 932 1681 967 contemtus

236 1000 484 1058 negligatur.
506 1002 531 1026 ὃ*
592 996 728 1037 Immo
748 995 841 1035 haec
870 994 970 1035 dum
992 994 1141 1044 scribo,
1163 994 1274 1037 culta
1303 995 1357 1036 ad
1377 1010 1444 1036 me
1467 993 1684 1036 Herodoti

283 1125 301 1142 ⁸
320 1123 389 1164 [De
412 1121 557 1156 motibus,
575 1131 654 1161 quos
677 1119 824 1150 excitavit
855 1119 934 1149 Gro-

982 1119 1051 1149 Nec
1076 1129 1149 1150 vero
1183 1126 1230 1150 est
1263 1119 1478 1155 inficiandum,
1513 1128 1622 1150 revera
1645 1123 1678 1150 et

241 1179 374 1209 noviana
402 1176 561 1208 Herodoti
587 1175 691 1210 editio,
718 1173 838 1205 consuli
867 1183 938 1212 pos-
981 1175 1113 1205 maximi
1127 1175 1220 1214 pretii
1235 1185 1300 1205 esse
1318 1174 1502 1205 Mediceum
1517 1173 1611 1204 illum
1625 1183 1678 1204 co-

242 1242 316 1266 sunt
345 1235 460 1274 scripta
485 1235 523 1264 ab
549 1231 699 1263 Harlesio
725 1231 765 1261 ad
804 1229 939 1261 Fabricii

243 1290 325 1321 Bibl.
359 1290 462 1321 Graec.
492 1288 529 1318 T.
562 1287 612 1317 ΙΙ.
643 1296 715 1326 pag.
743 1288 817 1316 542.
855 1294 942 1314 com-

241 1350 424 1376 memorata.
479 1342 525 1373 Ut
552 1351 625 1371 vero
651 1339 780 1370 laudem
805 1344 944 1369 meretur

240 1397 441 1432 verecundia,
465 1406 529 1436 quo
558 1405 654 1425 suum
679 1393 718 1424 de
744 1399 811 1423 tam
836 1394 944 1432 inepto

242 1464 339 1496 quam
359 1453 542 1492 importuno
567 1461 650 1485 sene,
674 1460 738 1491 quo
761 1449 838 1480 olim
862 1459 941 1489 prae-

244 1515 370 1547 ceptore
383 1517 462 1537 usus
481 1511 555 1541 erat,
575 1504 734 1546 judicium
755 1504 943 1543 interposuit

247 1560 494 1600 wesselingius:
521 1560 564 1589 sic
578 1558 760 1589 incredibile
785 1565 831 1589 est
846 1569 943 1599 quam

243 1615 380 1655 pueriles
405 1614 440 1644 in
461 1623 564 1653 nugas
597 1611 722 1651 stupida
751 1611 806 1642 illa
828 1611 944 1642 codicis

247 1669 387 1701 Medicei
423 1668 581 1698 veneratio
619 1666 789 1706 abripuerit
838 1666 942 1697 homi-

246 1736 328 1760 nem,
357 1724 412 1766 qui
448 1723 498 1754 vel
524 1721 794 1753 manifestissimae,
828 1721 945 1752 librarii

241 1778 504 1810 hallucinationes
513 1786 729 1816 saepenumero
739 1786 795 1815 pro
804 1776 944 1816 genuina

244 1829 404 1862 Herodoti
445 1829 599 1868 scriptura
637 1834 668 1858 et
698 1828 764 1866 ipse
807 1827 942 1866 arripere

245 1895 310 1916 non
335 1883 471 1919 erubuit,
497 1888 529 1913 et
550 1882 628 1918 aliis,
660 1881 784 1917 vellent,
811 1879 941 1916 nollent,

243 1946 375 1970 conatus
390 1944 435 1969 est
448 1936 623 1968 obtrudere,
670 1935 710 1965 In
723 1945 786 1976 quo
802 1934 883 1966 illud
897 1940 944 1966 ta-

248 2004 336 2031 men,
351 1991 436 2024 bona
453 1992 625 2023 Lectorum
648 1990 785 2026 fortuna,
810 1990 947 2029 pruden-

247 2055 295 2082 ter
320 2050 360 2080 ab
371 2048 486 2080 eodem
507 2046 626 2077 factum
650 2056 714 2076 non
741 2044 832 2076 debet
860 2045 952 2076 dissi-

251 2102 375 2137 mulari,
401 2100 485 2142 quod
510 2099 651 2141 quolibet
676 2099 711 2129 in
734 2098 811 2133 loco,
838 2099 894 2129 ubi
909 2109 949 2130 ex

247 2156 326 2188 idoli
349 2154 398 2186 sui
422 2154 601 2194 praescripto
634 2152 754 2194 aliquid
776 2153 811 2183 in
837 2153 949 2184 Graeco

249 2209 395 2249 exemplo
421 2208 565 2246 mutavit,
605 2207 755 2238 continuo
793 2207 888 2238 simul
914 2209 949 2238 in

249 2263 316 2296 ima
331 2263 482 2304 cujusque
505 2262 629 2303 paginae
651 2272 706 2292 ora
720 2271 790 2292 eam
818 2262 951 2302 scriptu.

250 2329 317 2350 ram
335 2317 490 2357 adposuit,
507 2326 602 2357 quam
618 2316 639 2347 J
643 2315 833 2356 ungermani
854 2322 950 2357 atque

253 2371 404 2412 Stephani
433 2370 588 2402 editiones
611 2369 838 2400 exhibuerant:
862 2370 950 2411 quod

252 2425 307 2457 ille
332 2425 460 2467 quidem
485 2435 550 2455 non
578 2430 642 2455 tam
669 2425 728 2455 hoc
743 2424 874 2456 consilio
901 2425 947 2455 fe-

253 2479 331 2512 cisse
347 2478 483 2517 videtur,
501 2485 535 2509 ut
559 2488 682 2519 aequam
703 2478 881 2519 legentibus
903 2479 949 2510 fa-

255 2541 339 2566 ceret
354 2533 483 2574 optandi
505 2540 536 2564 et
554 2544 608 2573 per
624 2544 656 2564 se
666 2533 831 2575 judicandi
846 2540 948 2574 potes.

984 1228 1095 1265 dicem,
1134 1235 1165 1259 et
1192 1239 1367 1269 permagna
1403 1228 1436 1258 in
1474 1226 1680 1259 Herodotum

985 1285 1098 1316 merita
1119 1284 1263 1326 ejusdem
1283 1285 1353 1316 Jac.
1379 1283 1550 1321 Gronovii;
1582 1292 1681 1324 quam

988 1340 1141 1379 plurimos
1163 1340 1279 1381 quippe
1304 1339 1469 1379 Scriptoris
1490 1337 1593 1369 nostri
1618 1347 1686 1369 &e

987 1395 1080 1430 locos,
1109 1395 1173 1436 qui,
1197 1405 1296 1435 quum
1319 1394 1354 1424 in
1383 1392 1598 1432 superioribus
1619 1390 1686 1423 edi·

988 1445 1128 1476 tionibus
1159 1445 1298 1485 corrupti
1327 1451 1383 1475 aut
1412 1443 1516 1474 mutili
1539 1443 1683 1488 Fuissent,

987 1510 1041 1539 per
1057 1500 1154 1542 hujus
1167 1500 1225 1530 viri
1245 1499 1438 1530 industriam
1461 1508 1499 1529 ex
1514 1498 1631 1530 codicis
1643 1498 1683 1528 il-

990 1543 1053 1585 lius
1067 1556 1245 1594 praescripto
1266 1553 1436 1584 rectissime
1451 1553 1570 1584 fuerint
1590 1562 1681 1584 cura-

986 1609 1010 1640 ti
1033 1616 1064 1641 et
1086 1610 1120 1640 in
1142 1609 1304 1651 integrum
1325 1608 1470 1640 restituti.
1529 1607 1683 1639 Codice·

987 1663 1090 1702 ipsum
1107 1664 1286 1696 Bandinius
1300 1664 1334 1694 in
1353 1662 1504 1703 catalogo
1521 1660 1680 1693 Codicum

991 1715 1091 1747 Graec.
1109 1715 1314 1747 Bibliothecae
1338 1713 1563 1746 Laurentianae
1578 1712 1617 1743 T.
1634 1712 1684 1753 ΙΙ,

988 1770 1048 1801 col.
1063 1774 1135 1806 657,
1152 1781 1215 1811 seq.
1237 1770 1287 1800 his
1301 1769 1401 1799 verbis
1417 1767 1580 1799 describit:
1608 1767 1681 1798 He-

989 1825 1125 1862 rodotus,
1183 1825 1281 1857 codex
1320 1824 1556 1860 vetustissimus,
1595 1823 1685 1853 omni

987 1879 1078 1910 laude
1094 1877 1521 1919 major.—Membranaceus,
1544 1873 1580 1905 in
1608 1874 1687 1905 folio

989 1934 1112 1969 minori,
1129 1934 1225 1964 seculi
1243 1933 1283 1963 X.
1299 1931 1418 1971 optime
1435 1937 1582 1962 servatus.
1628 1930 1685 1968 Ti„

989 1989 1050 2020 tuli
1075 1990 1227 2020 librorum
1249 1987 1427 2019 uncialibus
1448 1986 1546 2018 literis
1567 1986 1686 2018 aureis-

990 2054 1051 2085 que
1092 2050 1168 2075 sunt
1207 2043 1363 2082 descripti.
1435 2042 1569 2073 Constat
1604 2040 1690 2072 foliis

991 2100 1112 2140 scriptis
1135 2103 1211 2132 374.
1255 2099 1427 2131 Profitetur
1455 2097 1574 2130 ibidem
1601 2097 1691 2129 idem

993 2154 1181 2192 Bandinius,
1209 2154 1249 2185 de
1270 2154 1333 2184 fide
1362 2152 1517 2184 Gronovii
1541 2153 1576 2183 in
1600 2151 1690 2186 exhi-

994 2208 1106 2240 bendis
1142 2208 1334 2239 variantibus
1363 2207 1561 2244 lectionibus
1593 2216 1690 2248 quam

993 2263 1233 2304 integerrimam
1254 2263 1421 2294 arbitratus
1450 2261 1569 2299 fuisset,
1592 2261 1687 2292 dubi.

995 2324 1061 2349 tare
1078 2317 1206 2349 tandem
1228 2328 1260 2348 se
1281 2318 1416 2358 coepisse,
1440 2326 1541 2358 quum
1558 2315 1687 2347 vidisset

993 2382 1089 2413 prope
1107 2372 1204 2403 finem
1225 2373 1328 2412 operis
1350 2371 1421 2414 (lib.
1436 2371 1500 2402 IX.
1515 2380 1582 2410 cap.
1599 2369 1686 2410 120.)

992 2425 1092 2459 codici
1116 2427 1190 2458 huic
1213 2426 1333 2457 adstrui
1355 2425 1542 2465 scripturam
1567 2430 1688 2467 Πρωτε-

993 2483 1096 2524 σιλάῳ,
1124 2492 1181 2522 pro
1205 2483 1397 2524 Πρωτεσίλεῳ
1417 2479 1502 2521 quod
1518 2479 1562 2510 ibi
1583 2479 1616 2510 in
1637 2490 1690 2511 co-

992 2538 1062 2570 dice
1087 2537 1213 2578 legitur.
1259 2537 1334 2573 Quo
1347 2536 1417 2567 loco
1432 2535 1579 2577 equidem
1594 2546 1686 2568 caus.

255 2594 361 2624 tatem,
379 2598 474 2629 quam
489 2598 552 2629 quo
563 2587 687 2619 facilius
699 2588 875 2630 certiusque
890 2589 940 2619 in-
985 2603 1029 2624 sae
1077 2591 1295 2623 defensionem
1341 2590 1496 2622 Gronovii
1533 2591 1686 2622 hactenus

253 2643 432 2684 telligerent
453 2643 583 2674 lectores
604 2649 759 2685 quantum
788 2643 828 2674 sit
856 2643 942 2685 quod
984 2642 1142 2683 suscipere
1163 2643 1273 2680 debeo,
1301 2648 1337 2673 ut
1363 2652 1520 2679 moneam,
1551 2652 1618 2673 non
1632 2641 1681 2673 di-

253 2697 321 2738 ipse
336 2697 375 2728 ad
389 2696 615 2729 restituendam
637 2707 821 2738 germanam
835 2699 934 2730 since»
980 2703 1060 2729 serte
1071 2697 1164 2728 illum
1174 2696 1274 2728 codici
1299 2696 1375 2727 huic
1397 2695 1583 2736 scripturam
1595 2703 1682 2738 Πρω·

252 2757 384 2790 ramque
398 2749 532 2780 auctoris
543 2749 727 2790 scripturam
745 2749 935 2782 contulisset.
980 2753 1108 2792 τεσιλάῳ
1122 2750 1330 2789 adstruxisse;
1352 2749 1553 2782 solummodo
1577 2749 1675 2781 intac.
