1763 3116
271 182 425 231 xxviii
892 190 1167 224 PRAEFATIO.

271 321 512 364 Germaniae
533 319 671 368 decus,
695 316 854 372 accepit
873 324 915 358 et
935 316 1028 357 sinu
1046 314 1169 364 fovit3
1201 327 1377 370 cumque
1396 313 1585 371 exempla
1607 313 1711 357 His-

269 391 470 433 toriarum
493 390 517 413 ’ἑ
556 387 766 430 Herodoti
787 394 828 428 et
847 386 1000 442 requiri
1021 401 1047 428 a
1066 384 1257 427 studiosis
1279 384 1445 426 Graecae
1478 384 1633 442 linguae
1667 392 1710 427 et

270 475 356 502 non
378 459 497 501 facile
517 457 686 512 reperiri
717 456 982 510 conperisset,
1015 461 1160 496 auctor
1193 452 1270 494 fuit
1303 452 1370 494 Jo.
1394 452 1628 509 Hervagio,
1663 460 1711 495 ut

271 543 344 570 sua
364 528 409 568 in
429 526 594 568 officina
613 539 806 580 expressa
825 524 946 565 edere
965 522 1099 564 vellet.
1161 520 1365 563 Hortanti
1385 519 1585 576 praeclaro
1605 520 1709 571 viro,

273 604 314 639 et
334 597 544 653 egregiam
565 609 730 649 prorsus
750 607 846 635 cum
870 591 1082 634 Herodoti
1101 589 1290 632 vindiciis
1310 598 1350 631 et
1371 589 1528 632 Ionicae
1547 588 1713 632 dialecti

274 666 420 723 figuris
443 663 736 706 Praefationem
757 661 1049 717 suppeditanti,
1081 659 1219 715 paruit
1252 667 1443 700 strenuus
1473 667 1516 701 et
1535 666 1715 700 attentus

277 734 618 791 chalcographuS‚
656 732 756 774 Aldi
790 730 1017 785 exemplari
1056 729 1228 771 Basileae
1263 742 1421 769 MDXLI.
1462 735 1503 769 et
1543 740 1716 769 MnLvn.

279 819 417 860 presse
437 810 744 858 repraesentato.
808 800 1051 855 Utriusque,
1074 798 1221 840 Aldini
1236 797 1278 838 in
1299 797 1456 852 primis,
1478 796 1553 838 dos
1571 796 1720 852 praeci-

278 888 362 928 pua
381 881 457 922 est,
479 872 591 928 quod
624 871 756 912 Ionici
776 871 974 910 sermonis
994 868 1171 910 formam
1198 882 1294 909 raro
1318 866 1564 923 neglexerit,
1596 873 1721 922 atque

281 942 582 999 elegantissime
602 939 878 994 conpluscula,
896 938 1199 993 insequentium
1221 936 1451 978 temeritate
1471 944 1543 978 aut
1561 942 1720 978 mutata

282 1019 354 1052 aut
373 1010 584 1051 socordius
604 1010 826 1063 praeterita,
849 1007 1121 1062 descripserit.

344 1146 539 1201 Amplior
564 1146 625 1186 H,
650 1144 863 1199 Stephano
884 1143 1017 1199 gloria
1043 1158 1097 1185 ex
1132 1142 1268 1184 studio
1302 1149 1343 1183 et
1377 1141 1603 1197 cupiditate
1623 1141 1725 1185 Mu-

283 1231 348 1258 sas
379 1214 558 1256 ornandi
593 1213 752 1269 obtigit.
815 1212 1009 1254 Offensus
1043 1210 1174 1252 infida
1204 1210 1337 1252 Vallae
1375 1211 1575 1261 versione,
1612 1225 1725 1253 erro-

284 1300 348 1327 res
369 1294 410 1326 et
428 1291 598 1338 peccata
617 1282 702 1336 ejus
723 1279 982 1322 callidissime
1001 1278 1204 1335 patefecit,
1221 1293 1486 1334 omnemque,
1508 1279 1725 1334 praescrip.

283 1366 326 1397 ta
365 1353 552 1409 elegante
592 1365 668 1405 pro
704 1349 928 1391 Herodoto
968 1349 1023 1390 ad
1057 1348 1341 1390 criminatores
1376 1347 1582 1405 apologia,
1614 1362 1727 1390 anno

286 1435 471 1465 MDval.
502 1419 759 1476 recognovit.
821 1418 919 1467 Qua
952 1417 1117 1459 functus
1147 1431 1288 1472 opera,
1313 1417 1514 1459 Graecum
1534 1417 1634 1459 Aldi
1654 1431 1728 1459 ex-

286 1491 472 1547 emplum
492 1489 717 1530 recentavit
752 1501 923 1528 MDLXX.
960 1497 1084 1543 atque
1118 1487 1268 1528 iterum
1303 1500 1480 1528 Mnxcn.
1515 1486 1726 1542 adpositis,

285 1575 380 1617 quae
420 1560 463 1599 iu
503 1559 641 1612 priore
676 1556 881 1604 omiserat,
905 1555 1039 1596 Vallae
1060 1555 1234 1596 Latinis.
1255 1560 1282 1608 †
1332 1555 1531 1596 Rationes
1551 1555 1726 1598 instituti

286 1628 441 1671 laboris
480 1626 537 1667 sic
578 1624 779 1680 prodidit:
795 1628 819 1676 ss
865 1623 964 1665 Non
1000 1639 1068 1666 eas
1106 1632 1283 1673 tantum,
1312 1638 1414 1679 quas
1448 1631 1557 1674 ante,
1593 1623 1728 1666 diver-

286 1714 350 1740 sas
390 1696 612 1750 scripturas
645 1697 708 1748 (ut
742 1693 885 1735 Graeci
918 1694 1085 1746 διαφόςους
1113 1694 1255 1746 γραφὰς
1283 1692 1510 1748 appellant)
1542 1693 1727 1745 exhibui,

285 1767 358 1810 sed
390 1775 432 1807 et
464 1778 685 1806 numerum
721 1777 864 1803 earum
899 1762 1010 1810 auxi,
1046 1769 1088 1802 et
1120 1775 1293 1802 censura
1322 1761 1510 1804 adhibita
1527 1763 1728 1818 quasdam

286 1834 567 1882 exauctoravi3
599 1847 685 1873 non
716 1844 854 1873 tamen
889 1831 947 1872 ita
979 1838 1027 1872 ut
1061 1830 1342 1882 amandarem,
1378 1831 1450 1873 sed
1483 1840 1647 1874 tantum
1681 1842 1728 1876 ut

286 1907 382 1949 loco
411 1919 486 1945 suo
517 1903 640 1943 motis
668 1901 796 1943 alium
830 1901 966 1942 minus
999 1899 1280 1942 honorificum
1313 1901 1469 1943 darem.
1530 1901 1599 1943 Ex
1637 1903 1728 1960 ipso

290 1976 402 2018 enim
431 1981 564 2021 textu,
601 1980 646 2012 ut
666 1970 790 2011 hodie
826 1971 955 2011 moris
986 1976 1047 2011 est
1066 1982 1228 2020 vocare,
1264 1970 1307 2012 in
1342 1971 1574 2028 marginem
1593 1979 1727 2014 trans-

290 2044 379 2087 tuli.
441 2041 526 2084 Sed
545 2040 745 2097 quasdam
774 2039 950 2081 vicissim
971 2039 1126 2094 majore
1159 2038 1307 2096 dignas
1341 2038 1501 2081 honore
1529 2040 1727 2096 judicavi,

289 2115 466 2168 ideoque
505 2110 594 2152 illas
630 2110 727 2151 hinc
766 2109 864 2150 illuc
896 2108 1096 2150 transtuli.
1157 2107 1263 2150 Inde
1296 2117 1390 2164 post
1407 2108 1565 2151 Aldum
1599 2111 1729 2167 scrip-

289 2193 351 2226 tas
373 2180 632 2222 membranas
652 2180 696 2219 in
716 2178 932 2220 consilium
954 2178 1121 2228 misisse,
1158 2185 1280 2234 atque
1314 2192 1368 2219 ex
1401 2177 1480 2219 illis
1513 2194 1562 2220 ea
1592 2180 1668 2222 sibi
1687 2189 1730 2223 et

290 2249 521 2294 Herodoto
542 2248 724 2304 elegisse,
757 2261 850 2303 quae
871 2247 1035 2302 potiora
1067 2255 1293 2298 censuerat,
1329 2247 1517 2303 adparet3
1536 2253 1553 2298 ΙΙ
1583 2264 1729 2306 quam-

338 2408 356 2424 *
375 2405 427 2436 Ex
446 2405 634 2436 Praefatione
649 2404 724 2435 edit.
772 2403 985 2445 Hervagianae
1078 2404 1092 2444 ΙΙ
1120 2402 1343 2445 [Quamquam
1357 2403 1470 2435 titulus
1482 2403 1593 2444 prioris
1603 2403 1727 2436 Editio-

295 2459 422 2490 Primae.
1032 2455 1081 2486 nis
1097 2457 1304 2497 Stephanicae,
1329 2469 1400 2499 quae
1418 2458 1530 2489 Graeca
1552 2457 1619 2489 sola
1638 2458 1726 2489 exhi-

334 2517 355 2556 †
371 2514 481 2556 [Duas
494 2514 568 2544 istas
585 2513 686 2545 Hem.
705 2512 855 2552 Stephani
876 2512 986 2544 editio-
1032 2512 1097 2550 bet,
1112 2512 1270 2543 Herodoti
1285 2512 1380 2544 libros
1394 2513 1558 2552 profitetur
1572 2523 1610 2544 ex
1619 2518 1726 2544 vetus-

295 2577 352 2598 nes
382 2568 416 2598 in
448 2568 607 2598 Varietate
638 2566 797 2598 Lectionis
826 2566 875 2597 his
904 2567 986 2598 notis
1032 2565 1072 2596 tis
1087 2566 1318 2607 exemplaribus
1331 2566 1522 2607 recognitos3
1545 2573 1653 2598 tamen
1667 2576 1727 2597 nec

295 2621 504 2658 distinximus
527 2621 574 2652 ed.
603 2622 707 2661 Steph.
726 2625 753 2651 1.
771 2627 802 2651 et
817 2621 865 2651 ed.
883 2621 986 2661 Steph.
1032 2623 1066 2652 in
1091 2623 1233 2662 ejusdem
1260 2622 1426 2659 Editionis,
1455 2633 1513 2654 nec
1538 2623 1573 2653 in
1597 2622 1725 2653 alterius

294 2676 326 2704 2.
344 2672 390 2714 S.]
1036 2674 1226 2705 Praefatione
1253 2675 1447 2704 mentionem
1473 2673 1574 2705 ullam
1589 2674 1664 2704 fecit
1677 2674 1724 2705 E-

309 2770 316 2777 .
337 2730 353 2769 ‡
368 2727 411 2758 In
424 2727 606 2769 praefatione
622 2727 780 2760 Editionis
791 2728 987 2760 Gracco-La·
1034 2729 1116 2760 ditor
1134 2728 1290 2760 Codicum
1304 2728 1590 2769 manuscriptorum
1605 2739 1624 2759 a
1638 2739 1672 2759 se
1685 2727 1725 2758 ad

293 2781 378 2813 finae.
1034 2783 1303 2824 recognoscendos
1320 2783 1478 2815 Herodoti
1492 2783 1588 2814 libros
1608 2781 1728 2814 adhibi-
