1763 3116
702 184 976 219 PRAEFA‘rio.
1464 178 1537 226 xli

160 311 273 361 Quae
301 309 439 352 adhuc
471 317 808 352 commemoratae
837 318 933 353 sunt
967 310 1187 355 Musarum
1222 313 1433 366 editiones,
1470 332 1538 360 ea-

96 394 189 421 rum
224 393 398 435 quaeque
433 381 623 434 (excepta
656 379 923 436 Glasguensi)
954 381 1120 437 majoris
1154 381 1300 424 formae
1327 385 1535 427 volumine

96 450 344 491 continetur.
406 449 534 490 Anno
555 449 775 504 superioris
796 449 921 492 seculi
941 452 1242 508 septuagesimo
1266 462 1412 496 octavo
1434 455 1536 511 Lip-

97 519 168 559 siae
187 528 323 574 coepta
357 527 430 568 est,
452 518 700 573 octuplicatii
733 518 971 561 chartarum
1004 519 1150 571 forma,
1186 521 1230 561 in
1251 521 1384 563 lucem
1403 524 1537 565 emitti

97 601 205 628 nova
227 587 437 629 Herodoti
468 587 607 636 editio,
640 588 754 642 cujus
773 587 817 627 in
837 587 972 629 fronte
991 588 1126 629 editor
1149 589 1277 630 Fan).
1300 589 1534 633 VOLGANG.

98 656 303 708 Rmzms,
317 657 379 697 vir
395 656 509 697 omni
530 655 798 697 humanitatis
818 656 931 697 cultu
952 658 1118 714 egregie
1137 658 1305 712 politus,
1325 658 1417 700 haec
1437 674 1535 715 pro—

92 727 217 768 fessus
247 734 323 767 est:
370 732 397 753 “
418 726 577 767 Textus
612 725 966 782 Wesselingianus
997 727 1149 781 passim
1184 727 1373 778 refictus;
1404 743 1529 784 argu-

93 804 329 837 mentorum
350 810 398 836 ac
419 804 653 849 temporum
685 797 857 845 notatio,
894 795 1128 852 tabul'aeque
1162 797 1472 856 chronologicae
1492 807 1533 842 et

91 864 383 923 geographicae
415 864 581 905 additae.
643 864 875 915 Accedunt,
909 865 1118 907 volumine
1146 867 1291 917 altero,
1322 883 1432 910 nova
1465 870 1529 911 in-

93 935 332 989 terpretatio
355 934 507 975 Latina
527 942 567 974 et
588 932 725 974 Index
759 948 914 975 rerum:
951 935 1160 977 volumine
1187 937 1309 978 tertio
1339 939 1529 980 animad-

91 1003 296 1045 versiones
316 1010 357 1044 et
378 1002 566 1043 Lexicon
590 1001 921 1044 Herodoteum.''
981 1004 1124 1046 Editio
1159 1019 1287 1061 quum
1322 1006 1377 1048 ad
1409 1023 1531 1049 usum

89 1073 378 1130 quotidianum
399 1071 539 1112 multis
559 1071 796 1113 nominibus
815 1073 1124 1127 percommoda,
1161 1082 1250 1115 tum
1284 1083 1400 1118 tanta
1431 1092 1533 1119 cura

89 1149 287 1196 tantoque
319 1140 458 1182 studio
492 1140 690 1190 instituta,
727 1147 774 1181 ut
808 1141 956 1182 merito
991 1155 1133 1183 omnes
1155 1142 1377 1186 Musarum
1407 1146 1531 1187 amici

87 1210 327 1268 gravissime
347 1208 517 1249 tulerint
537 1208 651 1263 quod
671 1223 746 1263 per
769 1208 954 1250 Editoris
988 1211 1170 1265 primum
1204 1214 1527 1265 cunctationem,

85 1279 182 1320 dein
203 1285 502 1333 praematurum
523 1277 698 1328 obitum,
720 1278 935 1320 accidisset
955 1287 1001 1321 ut
1021 1280 1064 1320 in
1100 1280 1238 1335 priore
1269 1282 1393 1337 primi
1414 1283 1529 1326 volu-

86 1349 209 1390 minis
228 1355 359 1403 parte,
396 1361 491 1402 quae
513 1346 713 1388 Graecum
747 1347 988 1403 exemplum
1020 1357 1198 1404 quatuor
1224 1351 1412 1406 priorum
1435 1352 1528 1394 He-

81 1417 220 1461 rodoti
240 1417 442 1458 librorum
463 1416 766 1471 complectitur,
784 1425 871 1459 tota
891 1417 957 1459 illa
976 1433 1106 1474 opera
1125 1419 1363 1463 substiterit.
1411 1421 1527 1463 Mul-

82 1497 128 1530 to
146 1485 298 1528 deinde
317 1487 532 1541 interjecto
553 1494 740 1541 tempore
760 1486 1039 1529 studiosorum
1074 1488 1293 1531 hominum
1313 1490 1526 1533 desideriis

84 1556 288 1598 Gonorn.
313 1554 467 1595 HENR.
491 1555 711 1596 ScHAEFER
739 1554 939 1597 hactenus
969 1556 1174 1608 satisfecit,
1202 1567 1249 1600 ut
1269 1560 1398 1614 priori
1419 1564 1528 1617 parti

79 1625 204 1681 primi
224 1623 444 1665 voluminis
464 1623 635 1665 alteram
656 1632 817 1678 partem
837 1624 1045 1680 adjiceret,
1077 1641 1171 1682 quae
1191 1627 1335 1669 itidem
1366 1630 1524 1685 Lipsiae

81 1708 194 1736 anno
214 1707 369 1735 MDCCC.
386 1692 556 1747 prodiit,
573 1692 773 1734 Graecum
794 1693 1032 1749 exemplum
1053 1696 1236 1752 quinque
1248 1699 1524 1751 posteriorum

82 1763 295 1806 Herodoti
314 1762 517 1802 librorum
537 1760 973 1815 comprehendentem.
1036 1763 1155 1804 Idem
1178 1764 1240 1805 vir
1260 1765 1524 1819 clarissimus,

81 1834 196 1889 cujus
216 1831 391 1873 eruditae
410 1829 726 1884 incredibilique
760 1829 977 1871 industriae
1011 1832 1094 1872 dici
1115 1833 1185 1873 vix
1219 1842 1359 1888 potest
1392 1851 1524 1892 quan-

79 1910 170 1943 tum
205 1899 256 1941 sit
289 1898 403 1955 quod
435 1897 586 1939 debeat
607 1897 852 1939 Graecarum
884 1913 1009 1940 omne
1042 1916 1174 1958 genus
1201 1901 1426 1956 literarum,
1449 1921 1524 1961 per

79 1970 191 2013 idem
225 1978 388 2023 tempus
418 1967 587 2008 seorsim
619 1967 825 2023 integram
847 1966 1067 2010 Musarum
1099 1969 1229 2021 ἔκδοσιν,
1265 1972 1520 2016 nitidissimis

80 2040 188 2096 typis
208 2038 442 2093 chartisque
462 2035 744 2091 conspicuam,
778 2049 853 2077 suo
883 2038 1053 2080 nomine
1087 2040 1292 2082 adornare
1323 2043 1520 2095 instituit3

80 2109 196 2165 cujus
215 2109 374 2164 primus
395 2116 546 2157 tomu5‚
568 2106 726 2161 priores
751 2104 854 2147 duas
876 2106 1022 2149 Musas
1048 2110 1337 2164 complectens,
1373 2114 1521 2155 eodem

80 2192 192 2221 anno
213 2191 368 2219 Mnccc.
385 2175 467 2217 hoc
481 2175 602 2217 titulo
616 2174 791 2231 prodiit:
811 2180 841 2202 “
858 2175 1069 2219 Herodoti
1085 2178 1396 2222 Halicarnassei
1418 2182 1522 2224 His—

80 2248 282 2290 toriarum
301 2246 394 2287 libri
416 2245 526 2291 IX.>
562 2244 630 2286 Ex
666 2244 836 2299 optimis
869 2246 1175 2302 exemplaribus
1209 2249 1444 2292 emendavit
1473 2264 1522 2294 ac

81 2317 216 2359 Notas
250 2316 411 2358 criticas
446 2315 597 2371 adjecit
618 2314 734 2356 Gon.
758 2314 913 2357 HENR.
936 2317 1167 2359 ScHAEFEn.
1230 2319 1410 2362 Nonnisi
1444 2336 1519 2362 suo

79 2400 269 2428 sermone
302 2385 516 2441 loquentes
536 2384 682 2426 Musas
716 2384 947 2439 producere
967 2386 1096 2429 voluit
1118 2387 1283 2439 Editor,
1320 2390 1518 2433 Latinam

81 2455 308 2497 versionem
341 2453 496 2495 nullam
528 2453 626 2495 huic
661 2456 780 2494 ἐκδόσει
811 2454 1057 2509 adjecturus.
1120 2457 1334 2499 Secundus
1368 2466 1520 2511 tomus,

79 2524 258 2574 tertiam,
280 2530 472 2580 quartam
492 2523 760 2580 quintamque
783 2524 951 2566 Musam
981 2525 1211 2577 continens,
1233 2527 1388 2582 prodiit
1409 2543 1520 2571 anno

79 2607 258 2636 MDCCCI.
318 2593 484 2634 Tertius
521 2601 676 2644 tomus,
714 2603 894 2644 sextum,
916 2596 1137 2650 septimum
1173 2604 1446 2654 octavumque
1476 2599 1522 2640 li-

80 2663 203 2705 brum
237 2661 605 2718 comprehendenS,
634 2678 790 2705 annum
809 2663 977 2720 praefert
998 2678 1209 2708 Mocccm.
1227 2667 1251 2690 *⁴
1312 2667 1402 2709 Nec
1422 2683 1520 2710 vero

124 2791 139 2802 ²'
159 2788 200 2819 In
214 2788 272 2817 hac
290 2787 440 2818 Editione
454 2787 531 2818 liber
551 2788 681 2829 quintus
706 2798 781 2819 cum
802 2788 901 2820 tribus
924 2789 1125 2830 sequentibus
1146 2791 1262 2832 absque
1283 2790 1349 2821 ulla
1371 2792 1518 2823 mutatio-

199 2843 295 2885 VoL
317 2844 347 2884 Ι.
817 2843 839 2884 f
