1763 3116
240 177 342 210 XXX
850 174 1124 209 PRAEFATIO.

239 302 422 359 maligna
441 300 736 343 criminationis
756 300 964 342 traductio
985 300 1126 342 abesse
1152 299 1300 350 ‘debet3
1334 306 1375 342 et
1409 299 1490 342 hoc
1523 299 1673 356 magis,

239 372 435 427 quoniam
466 371 703 413 vetustiores
733 378 774 411 et
808 370 1021 424 probiores
1057 368 1219 410 codices
1259 370 1456 420 nancisci,
1496 367 1675 410 fortunae

239 441 447 497 quoddam
471 440 628 481 donum
649 448 720 489 est,
743 454 827 479 non
849 438 1010 494 judicii:
1043 447 1263 493 propterea
1283 453 1381 480 vero
1402 454 1444 480 se
1463 438 1675 481 venditare

238 519 277 552 et
298 511 396 552 alios
416 510 541 568 longe
561 520 655 565 post
674 525 715 551 se
735 524 902 565 ponere,
920 508 1106 564 profecto
1126 508 1357 551 illiberale*
1404 510 1463 551 At
1482 507 1592 550 istud
1611 507 1677 550 ul-

237 595 308 623 cus
330 589 485 622 tactum
507 580 673 635 respuit.

297 718 531 761 Secundam
554 718 613 760 H*
632 716 831 773 Stephani
851 716 1089 766 editionem,
1111 716 1249 771 priore
1268 730 1353 758 non
1374 730 1541 772 prorsus
1560 722 1671 772 post-

236 788 391 838 habita,
427 787 689 829 Francofurti
709 801 821 828 anno
841 801 1030 829 MDcvm.
1054 786 1155 828 Got.
1191 785 1529 842 Jungermannus
1559 786 1672 838 [Go-

235 855 358 899 thofr.
379 857 406 898 J
410 871 702 913 ungermanus:
735 856 792 896 sic
811 870 964 895 nomen
985 869 1103 896 suum
1124 854 1211 909 ipse
1231 853 1409 895 scribere
1424 854 1672 907 consuevit,]

234 926 396 968 iteravit
416 925 577 965 sollerte
597 923 823 980 diligentia3
860 932 1117 979 textumque,
1140 938 1263 979 quem
1284 932 1449 974 vocant,
1472 923 1516 964 in
1536 923 1672 978 capita

236 995 319 1036 sive
353 1002 550 1036 tmemata
584 993 711 1034 secuit
742 1000 783 1033 et
817 991 1019 1041 distinxit,
1057 1006 1104 1032 ac
1138 992 1317 1033 indicem
1351 992 1404 1033 ad
1425 1008 1486 1042 ea,
1518 1007 1672 1049 magna

234 1064 506 1119 quaerentium
541 1062 730 1110 utilitate,
767 1061 1095 1102 acconmodavit:
1140 1061 1306 1115 insuper
1343 1061 1586 1114 διττογξαφίας
1619 1077 1672 1103 ex

234 1132 394 1174 schedis
432 1131 627 1172 Palatinis
663 1130 903 1171 Narrationi
939 1129 991 1170 de
1029 1130 1113 1170 vita
1153 1129 1335 1170 Homeri
1370 1130 1598 1186 adscripsit,
1635 1139 1677 1174 et

234 1204 366 1250 Λεξικὸν
388 1202 448 1238 τῶν
473 1202 680 1253 Ἠξοδοτείων
698 1198 818 1249 λέξεων
839 1214 891 1240 ex
912 1199 1011 1240 MS.
1035 1198 1190 1240 Melch.
1214 1198 1477 1240 Heimsfeldfi
1499 1200 1678 1243 Goldas·

233 1269 277 1319 ti,
313 1278 359 1311 ut
377 1269 429 1310 de
452 1269 602 1310 Ctesiae
622 1268 875 1324 fragmentis,
898 1268 1077 1322 ejusdem
1098 1267 1302 1309 industria
1335 1268 1534 1318 adauctis,
1569 1269 1675 1311 nihil

233 1340 400 1389 addam,
422 1338 541 1379 nobis
562 1337 689 1379 dedit.
749 1336 870 1378 Illam
887 1346 1024 1378 autem
1040 1337 1116 1377 viri
1137 1337 1283 1392 optimi
1302 1352 1471 1392 operam
1488 1338 1672 1381 Genevae

232 1422 454 1451 Mncxvln.
476 1408 533 1449 ita
554 1407 845 1462 repetiverunt,
868 1415 914 1447 ut
933 1406 1087 1447 utravis
1114 1414 1223 1447 recte
1258 1408 1425 1464 cognita
1459 1408 1600 1450 ambas
1632 1418 1672 1452 te

232 1494 352 1521 nosse
371 1487 500 1533 putes.
563 1478 622 1517 At
642 1490 706 1516 res
727 1490 840 1516 secus
859 1474 997 1516 habet.
1060 1474 1223 1523 Editor,
1246 1483 1318 1515 aut
1339 1475 1389 1529 (si
1408 1477 1553 1530 mavis)
1575 1492 1666 1519 cor-

231 1558 381 1597 rector,
417 1561 503 1587 non
539 1546 680 1600 utique
713 1544 916 1592 indoctus,
951 1543 1084 1584 varias
1119 1543 1234 1583 AEm.
1271 1543 1388 1584 Porti
1418 1546 1669 1600 suspiciones

231 1615 408 1658 orationi
429 1613 664 1661 inculcavit,
688 1611 781 1661 alia,
804 1626 938 1667 neque
958 1611 1242 1666 inprudenter,
1279 1627 1331 1652 ex
1353 1613 1486 1654 Vallae
1507 1615 1668 1659 Latinis

230 1685 429 1734 correxit,
474 1683 553 1724 hoc
587 1681 879 1737 vituperabilis,
923 1680 1036 1736 quod
1071 1679 1173 1721 illud
1204 1681 1421 1723 consilium
1456 1685 1665 1729 occultum

231 1755 433 1796 habuerit.

288 1894 410 1936 Prius
469 1891 619 1933 deinde
677 1890 980 1948 Jungermanni
1027 1890 1062 1931 F
1065 1888 1371 1932 rancofurtense
1429 1893 1666 1949 exemplum

228 1977 314 2005 non
336 1964 422 2003 sine
441 1960 659 2003 corollario
688 1960 971 2001 recudendum
991 1960 1148 2001 curavit
1179 1960 1240 2000 vir
1260 1960 1556 2014 praedicatione
1575 1963 1669 2019 dig-

228 2032 420 2072 nissimus
463 2029 544 2071 Th.
595 2028 702 2070 Gale
744 2027 926 2069 Londini
973 2041 1217 2070 Mncmmrx.
1292 2029 1525 2072 Exornavit
1564 2032 1667 2074 illud

232 2097 520 2155 Chronologia
550 2096 807 2147 Herodotea,
830 2096 966 2138 indice
992 2097 1222 2138 dictionum
1255 2096 1504 2148 Ionicarum,
1528 2107 1568 2141 et
1597 2116 1667 2142 va-

228 2167 430 2209 riantibus
450 2166 706 2215 lectionibus,
734 2165 928 2207 laudabili
949 2180 1045 2206 sane
1066 2165 1214 2206 studio.
1277 2165 1379 2206 Erat
1400 2165 1459 2206 illi
1488 2167 1532 2207 in
1567 2183 1666 2210 ocu-

228 2237 277 2278 lis
298 2245 338 2278 et
359 2235 547 2277 manibus
567 2237 740 2291 scriptus
760 2235 864 2276 liber
881 2235 1194 2289 Archiepiscopi
1218 2234 1527 2278 cantuariensis
1549 2237 1665 2279 Guil.

231 2305 439 2355 Sancroft‚
461 2313 502 2345 et
523 2304 696 2361 Collegii
718 2304 936 2345 Etonensis
957 2303 1073 2345 alius:
1103 2318 1155 2344 ex
1175 2312 1352 2359 utroque
1372 2305 1497 2356 varia,
1520 2320 1665 2362 quam-

230 2389 354 2431 quam
389 2374 432 2414 in
472 2374 610 2428 priore
646 2373 820 2414 subinde
853 2387 1044 2428 peccans,
1088 2372 1303 2414 nobiscum
1339 2375 1663 2416 conmunicavit:

229 2458 363 2499 neque
397 2458 482 2485 non
518 2443 786 2494 Athenaeum,
825 2443 1102 2493 Eustathium,
1143 2443 1315 2485 Suidam
1351 2453 1391 2486 et
1418 2444 1569 2499 plures,
1592 2445 1664 2501 qui

229 2520 374 2554 testem
398 2512 663 2553 Herodotum
696 2513 738 2552 in
761 2527 847 2553 rem
869 2527 984 2553 suam
1005 2512 1268 2563 advocarant‚
1292 2523 1363 2556 aut
1384 2514 1436 2555 ab
1456 2529 1506 2555 eo
1526 2514 1665 2571 aliqua

231 2590 459 2622 sumserant
493 2591 650 2632 mutua,
693 2581 836 2622 sedulo
875 2580 1104 2634 adhibuit†
1150 2581 1260 2624 Vere
1293 2583 1466 2637 scripsit,
1503 2583 1664 2626 infinita

274 2715 291 2732 *
312 2713 477 2744 Rusticam
496 2713 565 2745 Jac.
591 2713 742 2744 Gronovii
766 2713 918 2752 importu-
966 2713 1060 2744 tacito
1074 2714 1210 2744 hominis
1221 2714 1350 2745 nomine
1360 2721 1500 2746 notatam
1512 2715 1572 2745 Vir
1591 2725 1658 2746 cor-

230 2767 372 2805 nitatem,
399 2778 461 2808 qua
481 2773 510 2797 et
536 2767 570 2796 in
595 2768 673 2798 alios
699 2768 806 2797 doctos
828 2767 917 2803 viros,
967 2767 1146 2797 datissimus
1159 2768 1266 2798 voluit.
1293 2769 1338 2809 S.]

231 2828 261 2853 et
281 2822 315 2853 in
331 2822 377 2852 H.
403 2822 598 2861 Stephanum
620 2821 673 2852 ille
695 2821 838 2853 invectus
862 2827 916 2856 est,
1010 2822 1030 2861 †
1053 2820 1281 2863 [Londinensis
1296 2822 1350 2854 illa
1374 2823 1492 2859 Editio,
1509 2834 1580 2865 quae
1596 2824 1663 2855 Ga-
