1819 3121
632 188 838 237 CLIO
891 188 932 235 Ι.
1436 188 1497 234 67

138 320 325 383 αἰσχρῶς,
349 320 401 372 ὦς
423 318 602 367 ἐπύθετο
634 322 824 381 τάχιστα
850 320 871 366 ὁ
892 319 1158 377 Ἀστυάγης,
1183 317 1269 376 ἔφη,
1293 316 1487 364 ἀπειλέων
1512 325 1556 357 lio
1575 328 1690 369 Astya-

140 399 198 458 τῷ
224 396 353 460 Κύρῳ·
389 404 416 424 “
438 397 573 444 Ἀλλ’
602 397 682 444 οὐδ’
717 398 768 450 ὣς
803 396 824 442 ὁ
861 395 990 460 Κῦρός
1024 413 1072 455 γε
1106 395 1329 458 χαιρήσει.”
1402 397 1485 441 Το-

134 476 276 518 σαῦτα
300 477 433 529 εἴπας,
460 478 612 537 πρῶτον
635 473 708 536 μὲν
731 478 807 520 τῶν
829 475 977 536 μάγων
1006 470 1101 524 τοῦς
1135 471 1415 534 ὀνειροπόλους,
1451 491 1485 517 οι

78 553 110 594 5
130 567 203 611 μιν
232 549 456 609 ἀνέγνωσαν
488 556 666 613 μετεῖναι
687 549 767 598 ’τδν
806 553 947 613 Κῦρον,
983 549 1152 601 τούτους
1185 548 1484 596 ἀνεσκολόπισε.

128 625 242 688 μετοὶ
261 626 319 682 δὲ,
343 627 496 674 ὥπλισε
520 626 615 680 τοῦς
638 627 965 686 ὑπολειφθέντας
986 630 1062 674 τῶν
1089 625 1239 679 Μήδων
1263 627 1298 672 ἐν
1320 628 1378 688 τῷ
1410 625 1484 671 οἵσ-

127 706 203 759 τεΐ,
230 703 335 757 νέους
357 723 401 751 τε
423 703 500 750 καὶ
524 702 756 767 πρεσὲύτας
779 703 935 767 ἄνδρας.
973 701 1188 762 ἐξαγαγών
1224 701 1263 748 δὲ
1298 701 1481 757 τούτους,

127 778 204 826 καὶ
226 779 450 844 συμίαλῶν
474 786 574 828 τοῖσι
600 780 789 845 Πέρσησι,
815 781 988 834 ἑσσώθη·
1020 778 1101 825 καὶ
1134 778 1260 831 αὐτός
1292 797 1336 825 τε
1370 779 1481 825 Ἀσ-

126 858 287 918 τυάγης
322 859 550 922 ἐζωγρήθη,
590 857 666 904 καὶ
704 857 800 912 τούς
840 858 1016 918 ἐξήγαγε
1058 861 1134 904 τῶν
1184 855 1334 910 Μήδων
1380 855 1480 903 ἀπέ-

43 938 104 978 10
128 930 242 980 ἓαλε.

197 1027 365 1058 CXXIX.
398 1011 538 1059 Ἐόντι
564 1012 603 1060 δὲ
627 1014 891 1076 αἰχμαλώτῳ
913 1016 971 1076 τῷ
994 1014 1242 1073 Ἀστυάγεϊ
1272 1011 1479 1077 προσστοὶς

122 1087 148 1133 o‘
161 1088 407 1152 ”Αρπαγος,
434 1089 655 1154 κατέχαιρέ
680 1109 723 1137 τε
746 1090 822 1136 καὶ
843 1091 1153 1155 κατεκερτόμεε,
1179 1090 1255 1137 καὶ
1278 1090 1395 1137 οἵλλα
1412 1091 1478 1138 λέ-

85 1174 89 1175 ’
122 1183 202 1224 γων
226 1167 263 1219 ές
287 1164 410 1213 αὐτὸν
433 1167 670 1229 θυμαλγέα
695 1166 810 1221 ἐ’πεα,
834 1166 909 1212 καὶ
933 1167 978 1220 δή
1001 1167 1078 1212 καὶ
1110 1167 1226 1230 εἴρετό
1263 1186 1345 1230 μιν,
1382 1167 1479 1231 πρὸς

120 1239 169 1286 τὸ
204 1241 353 1288 ἑωυτοῦ
384 1241 546 1297 δεῖπνον,
573 1242 621 1288 τό
651 1261 720 1304 μιν
756 1243 895 1296 ἐκεῖνος
927 1242 1043 1306 σαρξὶ
1077 1247 1152 1289 τοῦ
1186 1242 1336 1296 παιδὸς
1368 1245 1478 1291 ἐθοί-

65 1322 97 1362 5
120 1333 212 1363 νισε·
251 1324 278 1344 “
302 1315 325 1363 ὅ
345 1337 386 1364 τι
410 1321 464 1371 εἴη
486 1319 509 1372 ἡ
533 1318 677 1365 ἐκείνου
702 1318 916 1373 δουλοσύνη
936 1319 1027 1366 ἀντὶ
1050 1323 1122 1373 τῆς
1154 1320 1418 1383 βασιληΐης.”
1458 1322 1480 1367 0‘

119 1391 159 1438 δέ
205 1411 277 1455 μιν
316 1392 508 1457 προσιδών
543 1394 751 1458 ἀντείρετο,
788 1396 820 1440 εἰ
855 1395 1006 1442 ἑωυτοῦ
1042 1395 1222 1442 ποιέεται
1257 1395 1306 1442 τὸ
1344 1397 1478 1461 Κύρου

117 1467 243 1531 ἐ’ργον.
306 1470 538 1534 υΑρπαγος
562 1470 602 1518 δὲ
627 1470 713 1530 ἔφη,
738 1470 865 1524 αύτός
890 1470 973 1536 γάρ
997 1473 1186 1536 γράψαι,
1217 1471 1266 1519 τὸ
1301 1478 1478 1538 πρῆγμα

119 1545 269 1593 ἑωυτοῦ
293 1546 339 1600 δὴ
364 1547 529 1600 δικαίως
552 1548 666 1595 εἶναι.
734 1548 989 1608 Ἀστυάγης
1021 1550 1060 1596 δέ
1083 1569 1152 1612 μιν
1187 1550 1386 1609 ἀπέφαινε
1421 1555 1479 1615 τῷ

117 1622 233 1685 λόγῳ
269 1630 297 1651 “
321 1624 571 1671 σκαιότατόν
593 1643 637 1671 τε
661 1623 737 1671 καὶ
771 1620 1027 1672 ἀδικώτατον
1064 1625 1180 1672 ἐόντα
1216 1627 1375 1673 πάντων
1411 1629 1479 1674 ἀν-

35 1707 96 1746 10
120 1706 149 1727 “
174 1699 359 1762 θρώπων·
396 1701 645 1748 σκαιότατον
681 1701 753 1764 μέν
793 1720 856 1761 γε,
898 1703 932 1749 εἰ
965 1701 1109 1766 παρεὸν
1144 1704 1259 1765 αὐτῷ
1291 1705 1477 1767 βασιλέα

117 1785 144 1806 “
167 1777 375 1838 γενέσθαι,
399 1780 432 1825 εἰ
456 1777 501 1832 δὴ
526 1776 573 1825 δι’
601 1778 750 1825 ἑωυτοῦ
773 1798 821 1839 γε
844 1780 1033 1843 ἐπρήχθη
1065 1778 1122 1826 τοὶ
1147 1781 1364 1844 παρεόντα,
1400 1782 1477 1828 οἵλ-

116 1862 144 1883 “
166 1864 226 1919 λῳ
248 1855 458 1919 περιέθηκε
482 1854 530 1902 en?
552 1856 716 1919 κράτος·
742 1855 997 1902 ἀδικώτατον
1023 1855 1076 1911 δὲ,
1112 1855 1174 1902 ὅτι
1209 1861 1285 1903 τοῦ
1319 1857 1477 1906 δείπνου

115 1938 144 1959 “
168 1932 301 1979 εἵνεκεν
329 1931 500 1986 Μήδους
522 1931 818 1979 κατεδούλωσε.
844 1933 877 1979 εἰ
899 1930 982 1996 γοὶρ
1006 1931 1052 1986 δή
1077 1932 1157 1979 δέον
1182 1934 1344 1986 πάντως
1367 1953 1474 1999 περι-

114 2015 145 2036 “
168 2009 298 2056 θεῖναι
322 2008 441 2072 οἴλλῳ
463 2009 540 2072 τέῳ
562 2008 630 2063 τὴν
654 2009 886 2072 βασιληίην,
910 2008 989 2056 καὶ
1014 2009 1074 2072 μὴ
1109 2009 1232 2057 αύτόν
1266 2010 1384 2071 ἔχειν,
1418 2011 1475 2059 δι-

32 2093 91 2133 15
117 2092 143 2113 “
166 2084 368 2149 καιότερον
392 2085 488 2132 εἶναι
516 2086 667 2140 Μήδων
691 2085 768 2149 τέω
789 2084 1017 2150 περιὲαλεῖν
1040 2090 1163 2133 τοῦτο
1187 2085 1236 2134 τό
1259 2087 1428 2148 ἀγαθὰν
1451 2090 1474 2143 ἢ

115 2170 143 2191 “
167 2163 356 2227 Περσέων.
388 2167 450 2210 νῦν
484 2162 524 2210 δὲ
563 2163 735 2217 Μήδους
768 2163 854 2226 μὲν,
891 2164 1099 2216 ἀναιτίους
1133 2161 1281 2211 τούτου
1323 2165 1474 2222 ἐόντας,

116 2248 143 2269 “
168 2240 334 2294 δούλους
368 2240 459 2287 ἀντὶ
495 2240 713 2288 δεσποτέων
751 2241 970 2302 γεγονέναι·
1013 2241 1176 2305 Πέρσας
1212 2241 1267 2299 δὲ,
1307 2242 1475 2297 δούλους

115 2324 142 2345 “
167 2316 304 2370 ἐόντας
326 2315 375 2363 τὸ
397 2315 484 2381 πρὶν
510 2318 678 2375 Μήδων,
704 2322 766 2365 νῦν
790 2318 994 2379 γεγονέναι
1020 2318 1269 2372 δεσπότας.”

1511 381 1566 419 gps
1581 371 1648 411 ipse

1508 420 1609 444 vlctus
1624 421 1656 445 et

1475 472 1494 489 η
1509 457 1598 487 vivus
1613 468 1685 498 cap-

1509 506 1561 531 tus
1575 511 1602 531 a.
1618 505 1691 533 550.

1506 1018 1659 1060 Harpago

1502 1061 1666 1092 insultanti

1501 1104 1578 1145 quid
1591 1105 1705 1145 Astya-

1502 1158 1556 1188 ges
1571 1148 1668 1187 capti-

1501 1201 1560 1220 vus
1578 1201 1706 1231 respon-

1503 1233 1591 1264 derit.

122 2434 124 2437 .
182 2410 328 2442 cxxx.
364 2394 618 2457 Ἀστυάγης
644 2396 716 2460 μέν
749 2415 823 2452 νυν,
860 2396 1118 2460 βασιλεύσας
1150 2397 1213 2443 ἐπ’
1253 2397 1348 2445 ἐ’τεα
1382 2398 1472 2445 πέν-
1497 2408 1605 2444 Quam
1620 2409 1675 2440 diu

1494 2451 1585 2481 Medi
1610 2453 1696 2484 Asiae

113 2491 157 2520 τε
180 2471 257 2519 καὶ
284 2473 510 2536 τριήκοντα,
543 2472 649 2520 οὕτω
679 2477 751 2528 τῆς
783 2473 1002 2537 βασιληίης
1035 2474 1332 2529 κατεπαύσθη
1373 2478 1470 2531 Μῆ-
1490 2494 1681 2533 imperarint.

1493 2537 1600 2568 Parcit

115 2548 173 2595 δοι
199 2548 238 2595 δὲ
264 2548 491 2609 ὑπέκυψαν
516 2548 690 2613 Πέρσῃσι
710 2548 780 2597 διοὶ
797 2550 866 2605 τὴν
888 2551 1037 2598 τούτου
1056 2551 1300 2615 πικρότητα,
1325 2552 1466 2616 οἵρξαν-
1492 2581 1627 2623 Astyagi

112 2643 179 2679 τες
201 2629 273 2679 τῆς
306 2625 385 2672 ἄνω
413 2626 582 2679 ”Αλους
616 2632 814 2691 ποταμοῦ
843 2627 997 2683 Ἀσίης
1027 2627 1089 2676 ἐπ’
1125 2628 1218 2676 ἔτεα
1252 2630 1466 2693 τριήκοντα

59 2710 90 2750 5
113 2701 189 2749 καὶ
212 2701 356 2750 ἑκατὸν
392 2702 489 2750 δυῶν
525 2703 678 2760 δέοντα,
712 2706 837 2769 πάρεξ
872 2706 894 2760 ἢ
929 2704 1016 2752 ὅσον
1051 2707 1092 2752 οἱ
1123 2704 1295 2754 Σκύθαι
1330 2706 1463 2771 ἦρχον,

112 2780 298 2844 ’Υστέρῳ
320 2780 455 2845 μέντοι
479 2780 604 2845 χρόνῳ
626 2782 875 2846 μετεμέλησέ
898 2783 943 2832 τέ
976 2795 1047 2844 σφι
1082 2787 1225 2832 ταῦτα
1256 2785 1462 2840 ποιήσασι,

1491 2624 1602 2665 Cyrus.
