1763 3116
656 190 923 223 PRAEFATIO.
1381 190 1512 223 XXXV

85 317 194 358 enim
215 316 398 359 instituto
418 331 491 372 per
525 317 677 358 litteras
708 317 954 368 admonitus,
987 317 1258 372 promtissime
1287 318 1326 359 V
1329 318 1502 360 indobo-

85 387 218 426 nensis
252 386 520 428 Bibliothecae
555 386 723 428 schedas
756 386 903 428 Graece
935 387 1067 441 perito
1098 386 1255 427 homini
1275 402 1369 428 cum
1390 388 1501 429 edito

84 454 313 496 Genevensi
334 455 639 496 contendendus
660 455 841 505 tradidit,
864 463 916 505 et,
942 470 1049 511 quae,
1072 455 1308 496 nobilissimi
1329 456 1404 497 viri
1425 456 1500 497 hu·

79 524 264 574 manitas,
286 532 530 566 transsumta
549 525 646 565 inde
665 524 717 566 ad
739 538 803 565 me
822 523 1109 565 officiosissime
1129 524 1296 565 curavit.

138 661 219 701 Par
248 662 385 703 fuisset
414 663 649 718 amplissimi
675 663 908 705 Cardinalis
943 664 1109 713 Quirini
1149 662 1423 704 benivolentia
1453 664 1495 703 in

76 730 274 784 promisso
304 745 355 771 ex
384 731 496 772 libris
531 733 738 774 Vaticanis
767 733 932 783 auxilio,
963 734 1040 774 nisi
1071 747 1180 774 mors
1200 732 1300 773 illud
1320 732 1493 773 interce—

74 799 210 852 pisset,
233 799 467 854 plenissimo
488 809 623 841 tamen
649 801 795 842 favoris
815 803 857 842 in
879 802 1050 855 epistola
1072 802 1138 843 Cl.
1161 801 1406 843 Assemanni
1427 815 1492 840 su-

73 881 147 920 per
167 867 264 908 locis
280 868 521 923 quibusdam
544 869 806 910 Herodoteis.
868 869 995 918 Quod
1010 869 1122 910 illum
1145 878 1278 911 autem
1300 877 1494 924 praestare

72 949 157 976 non
177 937 356 977 siverunt
383 936 480 987 fata,
511 938 827 979 cumulatissime
847 938 1026 993 ejusdem
1042 939 1122 979 loci
1143 947 1182 979 et
1201 938 1411 994 dignitatis
1432 939 1494 978 vir

70 1004 425 1055 eminentissimus,
459 1005 690 1047 cardinalis
712 1006 954 1048 Passioneus
973 1007 1165 1062 explevit:
1197 1021 1374 1062 namque
1394 1021 1493 1063 cog-

69 1074 156 1115 nita
196 1089 286 1115 mea
324 1074 566 1115 schedarum
606 1075 899 1117 Vaticanarum
939 1076 1145 1131 cupidine,
1186 1076 1493 1131 perhumaniter

69 1142 287 1197 rescripsit,
322 1158 388 1183 eas
419 1157 495 1184 nec
524 1143 749 1184 admodum
771 1145 911 1193 bonas,
944 1159 1022 1184 nec
1050 1145 1202 1198 priscas
1222 1144 1372 1184 videri:
1406 1159 1491 1185 esse

67 1211 201 1252 suain
231 1210 502 1261 Bibliotheca,
524 1226 577 1252 ex
609 1211 812 1253 Sfortiana
843 1211 1056 1266 profectas,
1086 1212 1339 1268 integriores,
1360 1212 1490 1253 nitide

64 1280 191 1335 pictas
211 1287 252 1321 et
281 1287 450 1329 veteres3
479 1280 626 1322 harum
657 1296 699 1321 se
729 1286 895 1336 διαφόρους
913 1286 1052 1336 γραφὰς
1081 1281 1184 1321 mihi
1213 1295 1297 1321 non
1318 1291 1490 1338 negatu—

65 1363 171 1390 rum.
232 1349 419 1390 Absolvit
448 1350 510 1390 vir
531 1365 726 1398 summus,
756 1349 868 1405 quod
900 1359 1120 1404 receperat,
1149 1350 1386 1400 liberaliter3
1419 1366 1490 1392 cu·-

56 1420 125 1475 jus
144 1432 224 1476 ego
244 1418 509 1460 excellentem
530 1419 574 1459 in
595 1418 666 1460 illo
686 1418 863 1475 fastigio,
894 1418 992 1459 dum
1013 1427 1235 1473 supererat,
1256 1419 1490 1462 humanita-

61 1496 145 1528 tem
176 1495 217 1528 et
247 1500 346 1543 erga
365 1501 431 1527 me
465 1487 644 1528 studium
674 1486 860 1528 laudibus
883 1486 988 1528 ferre
1012 1495 1052 1528 et
1083 1496 1200 1543 grata
1219 1496 1356 1529 mente
1377 1503 1492 1530 reco-

61 1556 159 1605 lere,
182 1555 362 1597 desinam
385 1571 608 1610 nunquam.
669 1555 737 1596 De
753 1554 858 1596 libro
878 1569 974 1596 vera
993 1556 1150 1596 omnia:
1184 1556 1291 1597 circa
1311 1558 1491 1599 seculum

61 1624 351 1666 duodecimum
366 1624 411 1664 in
431 1622 571 1664 charta
587 1622 843 1679 Pergamena
855 1622 906 1663 ab
922 1622 1047 1664 docto
1063 1622 1195 1664 scriba
1206 1635 1396 1667 exaratus
1417 1635 1490 1676 est,

63 1694 300 1749 praestantia
335 1692 529 1733 Mediceo
564 1690 667 1732 nihil
696 1690 857 1740 cedens,
899 1705 1007 1746 saepe
1042 1692 1237 1747 superior.
1317 1693 1491 1735 Illorum

62 1778 159 1804 vero
189 1762 379 1804 codicum
409 1760 612 1815 excerptis
631 1767 848 1814 occupato,
881 1766 1004 1815 atque
1023 1760 1150 1814 operi,
1172 1759 1312 1802 formis
1336 1764 1489 1804 exscri-

57 1831 210 1881 bendo,
233 1829 390 1871 dudum
410 1829 581 1878 intento,
603 1842 655 1868 ex
671 1827 888 1869 Britannia
908 1828 1230 1870 consultissimus
1251 1830 1285 1871 Ι.
1301 1833 1353 1871 A.
1379 1831 1484 1873 Hel-

62 1899 190 1941 vetius
220 1898 375 1939 editum
405 1896 705 1953 Jungermanni
745 1896 978 1951 exemplum
1016 1898 1270 1948 transmittit,
1299 1902 1413 1956 cujus
1445 1903 1489 1943 in

61 1968 248 2025 margine
268 1981 320 2008 ex
346 1965 504 2008 schedis
538 1965 735 2020 Archiep.
756 1974 797 2007 et
825 1965 985 2007 duobus
1019 1966 1325 2010 Oxoniensibus
1360 1970 1489 2012 adno-

60 2047 252 2087 tamenta,
289 2035 359 2077 sed
388 2035 580 2076 dilutiore
610 2043 852 2085 atramento,
885 2036 1032 2091 saepius
1051 2036 1222 2091 plumbo
1255 2039 1484 2094 scriptorio,

61 2108 184 2163 picta,
220 2120 348 2162 eaque
375 2113 546 2160 propter
574 2104 618 2145 in
650 2103 762 2145 haud
797 2105 936 2159 paucis
960 2105 1164 2161 ambigua.
1226 2106 1375 2150 Tribui
1395 2108 1484 2160 illis,

57 2189 305 2233 quamquam
339 2174 583 2230 suspensior,
614 2187 747 2229 neque
766 2173 969 2229 poenituit,
1002 2174 1152 2225 locum,
1175 2183 1215 2217 et
1234 2177 1386 2232 gratias
1415 2194 1481 2221 ve-

59 2246 137 2288 teri
158 2245 301 2286 amica
316 2245 340 2268 ’¹¹‘

116 2382 173 2424 Et
193 2381 268 2422 hos
294 2380 457 2437 quidem
489 2395 614 2422 manu
643 2380 867 2436 descriptos
888 2381 1075 2431 Codices,
1099 2389 1160 2424 tot
1191 2383 1358 2426 diversis
1377 2386 1479 2430 locis

56 2461 205 2502 erutos,
242 2465 326 2491 non
358 2449 503 2490 eodem
536 2450 668 2505 capite
705 2464 903 2501 manasse,
922 2450 1258 2493 'manifestissime
1295 2457 1478 2510 conperi.

102 2609 121 2625 ‘
145 2605 310 2647 [Denique
335 2615 373 2635 ex
401 2605 528 2635 Veneto
557 2604 652 2635 etiam
685 2605 747 2636 Co-
789 2605 887 2635 thecae
915 2605 945 2636 S.
971 2605 1072 2636 Marci
1090 2606 1128 2636 T.
1152 2603 1201 2637 11.
1224 2618 1255 2647 p.
1284 2612 1353 2641 169.
1375 2609 1477 2642 ductae

60 2656 128 2687 dice
146 2656 294 2687 lectiones
315 2655 483 2686 nonnullas
504 2655 608 2686 citavit
624 2655 746 2686 Wesse-
791 2666 873 2696 sunt,
897 2670 955 2691 nec
972 2660 1054 2691 ultra
1068 2660 1111 2691 lib
1130 2660 1156 2692 I.
1172 2672 1237 2702 cap.
1253 2666 1304 2694 52.
1318 2666 1478 2706 progredi-

59 2710 135 2752 ling.
158 2721 228 2752 quae
244 2721 280 2741 ex
307 2710 430 2741 Zanetti
455 2709 606 2752 Catalogo
630 2709 749 2741 Biblio-
791 2717 898 2743 untur.
922 2712 967 2756 S.]
