1763 3116
269 167 371 215 xlvi
827 181 1094 214 PRAEFATm.

315 308 416 349 Post
439 305 762 364 VVesselingium
793 305 921 364 igitur
955 305 1091 347 nullus
1127 320 1180 346 ex
1213 305 1425 349 Herodoti
1452 307 1695 355 Editoribus

256 377 337 419 alio
360 375 564 417 Codicum
600 377 978 431 manuscriptorum
1012 374 1208 429 praesidio
1242 391 1339 418 usus
1360 386 1432 427 est,
1454 386 1606 432 praeter
1626 396 1694 423 eas

256 446 394 500 copias
414 460 515 501 quas
534 445 731 486 offerebat
751 445 938 485 Varietas
961 444 1172 485 Lectionis
1201 444 1253 486 ab
1286 445 1358 486 illo
1384 445 1562 488 collecta.
1625 449 1691 492 Ac

254 523 350 555 sunt
369 529 465 556 sane
494 514 815 556 instructissimae
835 514 980 568 copiae,
1003 528 1096 568 quae
1128 513 1410 571 VVesselingio
1430 524 1582 570 praesto
1601 517 1686 560 fue-

252 593 368 625 rant:
400 599 575 640 quarum
610 600 633 625 e
666 598 790 638 penu,
827 583 950 624 etiam
984 591 1077 637 post
1106 597 1277 637 operam
1298 583 1524 626 Herodoto
1544 586 1687 628 abillo

251 654 492 708 praestitam,
529 653 639 693 haud
674 667 806 707 pauca
841 651 977 693 adhuc
1013 651 1066 692 ad
1101 651 1418 693 emaculandum
1448 653 1691 698 admirabile

251 721 333 762 hoc
363 721 616 777 antiquitatis
636 730 952 762 monumentum
983 721 1148 776 decerpi
1183 735 1301 775 posse
1335 720 1449 762 haud
1483 722 1691 765 immerito

246 790 489 846 judicarunt
521 790 632 832 docti
667 790 724 831 illi
760 786 864 839 Viri,
902 790 972 846 qui
1008 799 1102 845 post
1137 790 1329 831 eumdem
1369 790 1423 831 ad
1463 792 1690 835 curandam

250 875 400 902 novam
436 861 557 916 hujus
589 860 723 915 operis
762 859 986 901 editionem
1020 867 1293 900 accesserunt.
1356 859 1443 908 Qui
1474 875 1602 916 quum
1637 877 1691 905 ex

250 930 397 971 eodem
432 930 633 985 adparatu
662 929 1000 985 XVesselingiano
1029 929 1117 984 jam
1152 928 1248 978 fere,
1271 929 1472 985 quidquid
1495 930 1563 972 ille
1594 947 1690 987 sup-

249 998 435 1053 peditare
470 998 650 1054 praesidii
684 1006 861 1052 poterat,
893 996 1146 1053 sublegerint
1181 996 1336 1052 suaque
1365 1006 1407 1039 et
1426 998 1627 1041 industria
1647 1011 1689 1043 et

248 1067 417 1123 ingenio
437 1068 478 1107 in
505 1066 714 1108 Herodoti
747 1065 966 1106 commoda
1003 1065 1301 1115 converterint3
1335 1067 1539 1122 equidem,
1574 1079 1688 1124 post-

249 1153 373 1194 quam
406 1144 501 1178 ante
534 1136 610 1177 hos
641 1134 973 1190 aliquammultos
1003 1149 1133 1176 annos
1169 1134 1350 1176 Exterus
1383 1136 1446 1176 vir
1486 1138 1687 1191 eruditus,

248 1208 319 1264 qui
344 1216 443 1248 tunc
478 1205 675 1260 temporis
709 1205 941 1245 institutum
981 1203 1196 1245 Societatis
1238 1204 1478 1259 Bipontinae
1518 1207 1688 1251 edendis

247 1277 421 1319 classicis
456 1275 692 1317 auctoribus
728 1273 911 1331 regebat,
954 1288 979 1314 a
1014 1287 1082 1314 me
1114 1273 1370 1328 postulasset,
1413 1284 1458 1317 ut
1497 1276 1685 1320 absoluta

248 1345 443 1388 Athenaei
464 1344 656 1394 editione,
679 1343 829 1384 omisso
851 1342 1087 1384 Graecitatis
1109 1342 1266 1393 Indice,
1289 1357 1412 1398 quem
1433 1344 1604 1386 editioni
1625 1346 1686 1387 illi

248 1414 424 1469 adjicere
445 1422 568 1469 atque
588 1413 645 1453 ita
665 1411 904 1453 coronidem
927 1411 1043 1466 operi
1063 1411 1277 1467 imponere
1298 1412 1603 1464 constitueram,
1626 1415 1685 1456 in-

247 1483 480 1527 staurandae
502 1481 688 1523 Editioni
711 1480 1058 1537 VVesselingianae
1082 1480 1293 1521 Herodoti
1328 1481 1406 1522 hac
1434 1481 1525 1539 lege
1545 1484 1685 1538 praesi-

244 1553 401 1601 derem‚
436 1561 494 1601 ut,
532 1552 567 1591 si
601 1550 700 1605 quid
735 1550 778 1589 in
808 1548 879 1589 illa
911 1548 1203 1605 retingendum
1237 1558 1307 1589 aut
1341 1551 1377 1589 ei
1406 1550 1684 1604 adjiciendum

244 1620 347 1662 mihi
368 1620 590 1667 videretur,
614 1632 704 1659 eam
725 1631 895 1673 operam
920 1616 1126 1671 Scriptori
1145 1615 1242 1658 huic
1263 1624 1522 1671 praestarem3
1555 1633 1683 1674 quum

243 1690 355 1731 hunc
395 1706 418 1730 a
453 1704 518 1730 me
539 1688 698 1730 amoliri
718 1687 902 1728 laborem
924 1685 1076 1727 frustra
1094 1701 1221 1727 essem
1244 1695 1428 1736 conatus,
1451 1687 1552 1729 illud
1573 1696 1684 1730 certe

243 1768 283 1801 et
304 1773 464 1800 mecum
487 1757 681 1799 constitui
702 1765 742 1797 et
763 1756 925 1797 Extero
946 1755 1187 1812 significavi,
1207 1755 1282 1795 nisi
1300 1754 1683 1811 Manuscriptorum

242 1828 518 1886 quorumdam
558 1826 763 1868 Codicum
796 1824 990 1875 subsidio,
1027 1825 1097 1879 qui
1130 1824 1182 1865 ad
1219 1839 1311 1865 eum
1349 1825 1458 1866 diem
1490 1825 1679 1867 nondum

241 1897 411 1939 fuissent
431 1896 650 1952 diligenter
670 1894 842 1943 excussi,
866 1894 1030 1949 adjutus
1051 1893 1214 1936 fuissem
1246 1908 1473 1950 numquam
1507 1910 1574 1937 me
1608 1911 1680 1939 ne-

240 1967 400 2024 gotium
421 1965 521 2006 illud
543 1979 627 2005 esse
648 1971 944 2018 suscepturum.
1006 1963 1164 2019 Itaque,
1183 1963 1252 2019 qui
1268 1964 1409 2018 pulcre
1428 1979 1604 2016 nossem,
1626 1980 1679 2007 ex

240 2035 372 2077 tribus
407 2033 575 2090 quidem
612 2032 909 2074 parisiensibus
946 2032 1172 2074 Codicibus
1207 2042 1421 2088 excerptas
1456 2033 1678 2076 Lectiones

242 2104 571 2160 VVesselingium
592 2102 795 2152 habuisse,
828 2101 949 2142 simul
969 2117 1068 2143 vero
1089 2103 1182 2143 satis
1202 2102 1493 2144 intellexissem
1514 2117 1600 2145 non
1621 2104 1679 2146 ita

241 2181 480 2228 comparata
493 2172 614 2214 fuisse
635 2171 702 2213 illa
716 2179 923 2226 excerpta,
946 2179 992 2212 ut
1005 2179 1115 2213 certa
1136 2170 1238 2212 fides
1259 2171 1315 2212 eis
1336 2180 1472 2226 posset
1491 2171 1679 2224 haberis*

285 2301 302 2317 ‘¹‘
318 2297 486 2328 Lectiones
501 2304 588 2328 erant
597 2308 634 2327 ex
646 2297 744 2327 tribus
754 2295 864 2336 Regiae
876 2295 932 2326 Bi·
983 2296 1150 2327 Varietatis
1164 2296 1324 2327 Lectionis
1348 2308 1367 2327 a
1384 2297 1594 2338 VVesselingio
1608 2296 1675 2327 edi-

240 2353 404 2384 bliothecae
415 2352 608 2383 membranis
625 2355 675 2394 (ut
686 2352 729 2382 ait
744 2350 931 2392 'Wesselingn
980 2358 1029 2385 tae,
1047 2352 1100 2392 qui
1115 2351 1148 2381 in
1164 2351 1295 2382 citandis
1310 2351 1444 2382 aliorum
1466 2352 1612 2382 codicum
1628 2352 1677 2383 di-

239 2409 272 2439 in
290 2409 383 2440 P1aef.
395 2409 486 2448 cujus
503 2409 593 2438 rerba
607 2417 701 2446 supra
716 2406 927 2437 exhibuimus:
977 2405 1181 2446 ligentissime
1203 2404 1497 2447 religiosissimeque
1511 2411 1558 2436 est
1573 2415 1674 2435 versa-

240 2474 299 2494 nec
313 2473 386 2493 vero
401 2470 462 2493 tres
475 2463 672 2492 membranas
695 2461 747 2491 ille
769 2460 931 2490 nominare
980 2466 1040 2495 ωε,
1068 2459 1140 2490 satis
1155 2459 1329 2498 adparebat,
1353 2469 1454 2501 quum
1475 2459 1672 2500 quampluri-

241 2518 399 2552 debuerat,
412 2528 510 2558 quum
526 2527 591 2547 non
606 2516 665 2546 nisi
680 2526 764 2546 unus
779 2515 818 2545 sit
832 2525 930 2545 mem-
980 2514 1040 2544 mis
1066 2514 1100 2543 in
1128 2513 1206 2545 locis
1241 2514 1329 2544 nulla
1358 2524 1483 2554 prorsus
1515 2513 1671 2544 Codicum

241 2573 412 2603 branaceus
423 2572 518 2602 codex
531 2572 557 2611 :)
574 2573 607 2602 in
626 2572 781 2612 margines
797 2571 932 2612 exempli
982 2568 1207 2599 Parisiensium
1235 2568 1354 2598 mentio
1370 2567 1431 2604 fiat,
1455 2567 1594 2598 multum
1619 2569 1674 2599 ab·

247 2626 439 2656 Gronoviani
468 2636 486 2655 a
515 2626 586 2656 viris
615 2626 714 2657 doctis
741 2626 874 2656 Menoto
901 2632 932 2656 et
979 2632 1052 2657 esse,
1077 2629 1114 2652 ut
1139 2621 1175 2652 ea
1200 2623 1333 2664 ἀκριβείᾳ
1360 2628 1391 2651 et
1405 2620 1583 2657 subtilitate,
1600 2631 1673 2661 quae

249 2676 399 2708 Geinozio
413 2676 542 2708 collatae.
587 2678 639 2709 Ex
654 2676 845 2718 inspectione
859 2687 932 2709 vero
980 2676 1130 2709 desiderio
1156 2676 1297 2708 adcurati
1325 2675 1465 2707 Editoris
1493 2674 1672 2713 satisfaciat,
