1763 3116
264 172 400 221 xlviii
864 181 1137 214 PRAEFATIO.

258 318 321 344 vae
357 298 564 343 Editionis
586 297 796 339 Herodoti
830 312 971 339 caussa
1001 298 1374 339 committerentur:
1404 297 1558 354 quippe
1592 297 1696 338 mihi

259 383 554 428 persuaseram,
576 367 656 408 hoc
676 366 847 408 consilio
867 367 1030 408 codices
1049 366 1141 408 illos
1160 367 1292 418 tanta,
1313 366 1468 423 quanta
1488 381 1565 423 par
1591 375 1693 417 erat,

258 439 356 482 cura
387 453 436 481 ac
455 437 653 494 religione
673 436 838 485 servari,
869 445 927 486 ut,
950 436 983 477 si
1003 436 1170 492 quando
1190 436 1318 478 horno
1351 436 1572 478 exstitisset
1604 436 1696 478 ido-

258 525 373 559 neus,
395 509 467 564 qui
486 507 567 548 illis
587 505 795 547 codicibus
815 505 868 546 ad
889 520 1039 546 novam
1060 507 1366 561 procurandam
1396 505 1620 548 editionem
1654 513 1696 546 et

258 579 380 619 sciret
414 577 473 618 uti
509 583 549 617 et
583 583 750 630 paratus
784 582 901 623 esset,
923 574 1038 629 cujus
1058 575 1182 615 etiam
1202 573 1305 615 fides
1326 575 1422 615 satis
1441 573 1581 615 fuisset
1599 587 1694 629 per-

256 657 407 705 specta,
430 647 468 688 ei
488 645 648 686 homini
668 644 833 685 illorum
858 631 1060 685 Codicum
1084 658 1209 685 usura
1227 658 1312 685 non
1342 651 1578 700 negaretur.

317 773 414 822 Qua
434 787 504 827 spe
525 778 743 826 postquam
763 784 837 824 per
857 769 1024 810 illorum
1045 777 1280 825 temporum
1311 770 1570 825 iniquitatem
1590 769 1696 811 frus-

256 851 409 885 tratum
430 855 497 881 me
517 839 614 888 vidi,
636 838 839 893 reliquum
860 837 950 887 fuit,
973 846 1019 879 ut
1040 839 1398 893 circumspicerem
1418 838 1452 879 si
1474 839 1564 894 quis
1594 847 1698 880 esset

256 912 326 968 qui
348 910 514 952 Parisiis
550 923 643 949 meo
678 916 815 948 sumtu
836 907 955 949 vellet
974 908 1184 964 ingratum
1205 907 1617 964 molestissimumque
1636 908 1696 950 la-

254 983 397 1023 borem
419 979 610 1020 codicum
631 977 797 1018 illorum
816 991 911 1018 cum
932 977 1124 1032 exemplo
1144 977 1334 1018 editionis
1347 977 1697 1035 VVesselingianae

254 1048 601 1094 conferendorum
623 1046 841 1100 suscipere.
859 1047 882 1069 *ἶ
930 1045 1000 1086 Ad
1021 1045 1134 1102 quod
1154 1045 1460 1087 conficiendum
1481 1047 1697 1103 negotium

252 1117 460 1174 peramice
481 1114 583 1156 mihi
604 1129 775 1170 operam
796 1128 913 1156 suam
929 1114 1166 1156 conferente
1180 1114 1455 1164 Boissomrdo,
1470 1114 1696 1156 clarissimo

255 1188 361 1237 viro,
383 1192 569 1240 repertus
590 1192 649 1225 est
670 1184 716 1234 is,
752 1197 876 1239 quem
903 1183 948 1223 in
984 1182 1234 1224 Praefatione
1267 1183 1398 1238 priori
1431 1183 1540 1238 parti
1573 1183 1696 1239 hujus

253 1256 381 1298 Tomi
402 1253 614 1310 praemissa
641 1253 730 1308 jam
762 1252 987 1302 nominavi,
1011 1252 1287 1309 Georgiades,
1322 1252 1506 1294 eruditus
1534 1254 1697 1309 juvenis

253 1325 409 1367 Graeco
429 1337 581 1380 genere
600 1330 738 1371 natus,
761 1322 831 1378 qui
852 1321 896 1362 id
914 1335 1065 1362 munus
1086 1323 1129 1362 in
1165 1337 1208 1363 se
1239 1323 1445 1377 suscipere
1465 1322 1613 1372 voluit3
1645 1322 1698 1363 de

249 1395 364 1450 cujus
399 1402 440 1434 et
471 1391 740 1448 intelligentia
772 1400 813 1433 et
846 1390 930 1432 fide
965 1399 1006 1433 et
1039 1391 1253 1448 diligentia
1282 1392 1393 1433 idem
1418 1392 1697 1434 Boissonadus

250 1478 366 1504 meus
386 1461 489 1503 mihi
510 1460 749 1516 spopondit.
793 1460 982 1502 Contulit
1001 1460 1035 1502 is
1054 1461 1182 1518 igitur
1202 1462 1282 1502 mei
1298 1461 1439 1503 caussa
1456 1476 1550 1503 cum
1570 1461 1697 1504 Wes-

251 1532 423 1589 selingio
455 1529 649 1585 exemplo
684 1530 868 1585 quinque
891 1529 1102 1571 Herodoti
1137 1530 1313 1580 codices,
1346 1545 1550 1587 quemque
1585 1545 1696 1572 seor-

251 1616 355 1650 sum,
378 1601 435 1641 ita
457 1608 501 1640 ut
522 1606 736 1653 excerptas
754 1613 776 1639 e
797 1598 968 1655 singulis
988 1598 1200 1640 codicibus
1223 1599 1444 1641 Lectiones
1472 1600 1614 1655 (initio
1644 1600 1697 1643 ab

249 1686 299 1713 eo
319 1669 462 1712 codice
484 1668 606 1718 facto,
639 1668 710 1724 qui
731 1668 920 1709 omnium
936 1669 1297 1723 praestantissimus
1319 1670 1427 1710 visus
1447 1671 1553 1723 erat)
1580 1685 1698 1726 sepa-

245 1741 345 1783 ratis
366 1739 625 1795 descripserit
645 1737 810 1787 libellis;
843 1752 927 1793 quo
946 1737 1116 1788 factum,
1148 1746 1195 1779 ut
1225 1738 1277 1779 de
1311 1738 1553 1780 confusione
1572 1748 1693 1781 nota-

245 1823 357 1859 rum,
379 1808 527 1864 quibus
547 1807 718 1863 quisque
738 1805 873 1847 codex
893 1806 1111 1848 distinctus
1131 1814 1207 1857 est,
1230 1805 1332 1847 nihil
1353 1807 1405 1847 sit
1436 1807 1695 1850 timendum:

246 1878 291 1918 in
312 1892 444 1932 eoque
464 1876 608 1917 labore
628 1890 719 1916 eam
741 1883 782 1916 et
802 1874 928 1915 fidem
957 1883 998 1916 et
1029 1874 1234 1916 eruditam
1272 1875 1532 1926 industriam,
1570 1891 1695 1932 quam

245 1947 290 1989 in
313 1946 384 1988 tali
404 1944 574 2002 negotio
596 1959 797 1985 summam
819 1953 861 1985 et
881 1944 1104 1985 maximam
1126 1944 1335 2000 postulare
1355 1959 1498 2000 aequus
1518 1945 1696 1988 aestima-

290 2073 308 2090 ⁸
329 2070 444 2105 Quum
453 2079 491 2099 ex
502 2067 651 2098 Larcheri
663 2067 854 2098 Praefatione
868 2067 945 2098 Gal-
1003 2068 1120 2103 Quare,
1138 2066 1299 2108 cognitam
1315 2067 1428 2097 habeas
1450 2067 1507 2098 viri
1522 2068 1694 2100 doctissimi

258 2124 317 2155 icae
334 2122 494 2153 Herodoti
516 2121 662 2151 Versioni
677 2121 836 2161 praemissa
851 2120 943 2151 intel·
998 2119 1229 2149 humanitatem
1252 2124 1283 2148 et
1302 2119 1456 2158 prolixam
1471 2121 1551 2150 bene
1566 2131 1690 2151 meren-

246 2176 402 2212 lexisaem,
431 2175 577 2206 habuisse
603 2174 695 2204 illum
720 2184 816 2214 penes
841 2183 874 2205 se
903 2184 941 2204 ex
998 2173 1032 2204 di
1054 2172 1093 2203 de
1114 2172 1294 2203 hominibus
1317 2173 1464 2204 studiosis
1486 2174 1691 2210 voluntatem,

250 2230 354 2272 Regia
373 2229 567 2261 Bibliotheca
588 2236 650 2260 tres
668 2228 800 2259 Codices
826 2238 939 2258 manu—
996 2237 1052 2267 per
1065 2226 1169 2256 literas
1184 2236 1258 2256 eum
1273 2227 1389 2267 rogavi,
1413 2234 1450 2258 ut
1471 2227 1599 2259 illorum
1624 2229 1692 2259 Ex-

246 2284 377 2325 scriptos
391 2283 556 2319 Herodoti,
573 2293 710 2324 quorum
725 2293 762 2312 ex
784 2292 850 2312 uno
865 2281 941 2312 alte-
997 2287 1176 2321 cerptorum
1204 2281 1239 2310 in
1264 2291 1359 2311 usum
1389 2288 1503 2312 nostrae
1535 2282 1694 2313 Herodoti

245 2350 344 2381 roque
359 2338 493 2370 subinde
507 2338 601 2368 etiam
617 2338 782 2369 Lectiones
804 2336 942 2367 nonnul-
995 2333 1140 2365 editionis
1164 2333 1241 2363 mihi
1266 2334 1388 2373 copiam
1413 2334 1516 2365 facere
1541 2345 1606 2365 non
1620 2345 1691 2376 gra·

245 2397 293 2429 las
307 2397 372 2428 suis
387 2397 421 2427 in
441 2396 706 2429 Adnotationibus
720 2395 866 2435 protulit;
882 2406 943 2436 pu.
995 2395 1130 2419 varetur.
1176 2389 1266 2425 Quas
1291 2389 1331 2419 ad
1357 2397 1463 2428 preces
1487 2390 1625 2431 benigne
1638 2390 1692 2421 ille

247 2458 385 2482 taveram
400 2451 555 2493 equidem,
574 2451 677 2481 virum
692 2456 723 2481 et
737 2449 855 2491 alioqui
870 2449 941 2480 dili-
995 2443 1163 2484 respondst,
1180 2443 1259 2473 nihil
1273 2443 1489 2474 vehementius
1514 2454 1546 2474 se
1566 2454 1690 2484 cupere,

246 2504 473 2546 gentissimum,
505 2511 537 2535 et
567 2504 723 2535 Herodoti
752 2503 940 2536 studiosissi-
994 2509 1091 2541 quam
1112 2498 1266 2528 desiderio
1291 2509 1362 2528 meo
1390 2498 1565 2529 satisfacere
1578 2508 1688 2538 posse;

247 2570 347 2596 mum,
368 2559 499 2591 Codices
524 2559 594 2590 illos
619 2559 778 2599 praecipua
801 2557 939 2599 quadam
992 2553 1047 2583 sed
1071 2553 1110 2583 de
1128 2553 1216 2593 justa
1232 2552 1378 2583 codicum
1392 2553 1507 2583 horum
1521 2552 1688 2582 instituen-

247 2624 323 2645 cura
337 2613 413 2644 olim
438 2624 513 2645 cum
539 2613 674 2644 editione
691 2612 940 2653 Wesselingiana
993 2604 1033 2634 da
1062 2603 1229 2635 conatione
1252 2613 1428 2644 numquam
1463 2614 1496 2634 ⁵0
1525 2602 1685 2644 cogitasse»

246 2665 423 2700 contulisse,
450 2672 481 2695 et
506 2675 544 2695 ex
569 2665 686 2695 eisdem
708 2663 874 2704 diligenter
888 2673 941 2693 ex·
996 2659 1121 2690 nonnisi
1135 2658 1256 2689 selectis
1270 2657 1460 2698 quibusdam
1474 2658 1510 2689 in
1523 2657 1600 2689 locis
1611 2658 1683 2688 sub-

247 2725 367 2758 eerptas
395 2718 562 2750 Lectiones
588 2718 621 2747 in
648 2717 793 2748 manibus
817 2718 930 2747 habere
994 2714 1067 2745 inde
1083 2724 1134 2746 eos
1148 2712 1327 2753 inspexisse.
