1763 3116
242 161 345 209 xxii
849 170 1116 203 PRAEFA‘rm.

242 315 336 342 vere
364 299 554 340 fortasse:
584 296 749 338 mallem
779 303 916 336 tamen
943 293 1266 348 locupletiorem,
1303 305 1425 347 quam
1462 288 1666 332 Manetho

239 367 364 423 vulgo
380 366 565 414 habetur,
587 364 706 419 hujus
727 363 993 404 accusationis
1013 369 1236 402 auctorem.
1286 361 1341 402 At
1362 362 1470 401 enim
1490 359 1669 414 plurima

237 436 335 477 olim
363 435 405 474 in
425 433 568 475 fabulis
597 442 638 473 et
657 431 863 488 figmentis
889 430 1205 484 deputabantur,
1242 444 1421 485 quorum
1449 428 1669 483 justissime

237 518 411 545 numero
438 517 548 544 nunc
568 502 816 542 eximuntur.
871 498 1073 540 Fabulosa
1101 499 1370 539 censebantur
1397 497 1450 538 de
1471 496 1668 537 Afrorum

237 572 432 614 institutiS
452 581 493 612 et
512 570 694 611 moribus
714 569 892 624 prodita,
910 567 962 608 de
982 567 1328 622 circumnavigata
1348 581 1396 606 ea
1411 565 1539 606 nostri
1559 564 1670 604 orbis

240 649 369 697 parte,
384 641 436 681 de
452 639 642 696 AEgyptii
658 638 729 678 soli
746 637 868 694 genio
882 645 922 676 et
939 634 1241 692 Pyramidibus‚
1260 635 1311 675 de
1326 634 1502 690 Scythis,
1517 631 1671 674 succini

241 711 414 767 origine,
448 709 600 763 Caspio
638 707 757 756 mari,
794 705 1101 759 innumerisque
1135 703 1233 752 aliis,
1276 717 1368 758 quae
1399 702 1527 743 serior
1572 708 1672 741 aetas

240 787 280 820 et
310 778 664 834 peregrinatorum
694 774 922 829 frequentia
956 772 1116 813 veritati
1149 771 1438 813 animadvertit
1473 784 1669 826 congrua.

241 848 480 896 Enimvero,
501 846 653 886 horum
668 844 853 885 omnium
876 841 1115 882 memoriam
1136 840 1347 895 replicare,
1368 839 1472 880 nihil
1493 839 1652 880 attinet.

297 980 414 1022 Istud
435 979 564 1020 haeret
590 979 633 1018 in
656 976 796 1025 dubio,
828 984 1102 1016 truncatae-ne
1134 973 1271 1015 Musae
1292 973 1386 1023 sint,
1417 980 1458 1014 et
1486 987 1538 1014 an
1570 971 1671 1013 alios

239 1050 379 1091 similis
409 1047 641 1104 argumenti
671 1044 973 1086 conmentarios
1000 1043 1245 1084 Herodotus
1265 1041 1507 1098 digesserit?
1539 1040 1673 1082 Muti-

236 1118 397 1159 lationis
417 1125 457 1157 et
478 1115 658 1156 defectus
678 1113 950 1168 suspicionem
980 1112 1031 1153 de
1053 1111 1288 1162 Athenada‚
1317 1111 1406 1151 viro
1427 1109 1670 1159 Trachinio,

238 1187 416 1227 indicata
436 1192 619 1225 movent:
638 1184 662 1206 ³³
683 1186 774 1229 οὗτος
802 1187 966 1224 ἀπέκτεινε
984 1189 1041 1233 μὲν
1058 1187 1253 1224 Ἐπιάλτεα
1279 1186 1316 1222 δι’
1338 1185 1449 1229 ἄλλην
1467 1185 1588 1230 αἰτίην,
1617 1185 1674 1229 τὴν

240 1264 307 1314 ἐγὼ
319 1264 346 1298 ἐν
358 1259 568 1298 τοῖσιῧπισθευ
582 1260 706 1308 λόγοισι
725 1258 892 1303 amatim:
915 1258 944 1278 ‘⁶
957 1252 1024 1293 hic
1044 1251 1250 1306 Epialtem
1268 1250 1389 1291 aliam
1405 1250 1459 1290 ob
1472 1264 1671 1300 caussam,

239 1341 363 1383 quam
383 1340 461 1382 ego
487 1323 747 1379 sequentibus
777 1323 818 1362 in
849 1322 960 1362 libris
988 1321 1106 1372 [sive‚
1139 1321 1179 1360 in
1201 1321 1385 1375 sequenti
1414 1319 1672 1372 narratione]

239 1395 424 1443 reddam,
456 1392 700 1433 interemit.’'
762 1389 963 1431 Reddidit
992 1397 1129 1430 autem
1154 1403 1373 1444 nusquam,
1402 1403 1487 1428 non
1508 1395 1670 1438 octavo,

237 1464 391 1505 nedum
426 1462 532 1502 libro
561 1475 686 1501 nono.
749 1459 936 1515 Ergo—ne
967 1474 1016 1500 ea
1050 1458 1204 1499 excidit
1233 1455 1587 1499 conmemoratio?
1618 1470 1672 1498 an

235 1532 424 1588 promissi
444 1530 596 1571 oblivio
616 1530 699 1583 ejus
719 1529 904 1569 animum
924 1526 1116 1568 incessit?
1147 1542 1201 1567 an
1221 1526 1428 1567 decimum
1447 1526 1673 1582 adjungere

239 1602 458 1644 meditatus
491 1599 568 1640 fuit
605 1595 788 1638 librum?
831 1596 1065 1651 Utrumque
1100 1595 1189 1636 fieri
1229 1595 1389 1651 quitum
1429 1602 1502 1636 est.
1562 1594 1674 1635 Nam

239 1671 374 1712 hiatus
393 1669 468 1710 illis
490 1669 532 1709 in
550 1667 684 1709 Musis
705 1666 866 1708 nullum
879 1681 921 1707 se
940 1665 1043 1706 mihi
1063 1665 1261 1706 indicium
1282 1664 1478 1719 prodidit.
1520 1663 1672 1705 Similis

239 1739 466 1788 fluctuatio,
505 1737 574 1778 sed
609 1735 806 1790 expeditu
839 1735 1023 1790 pronior,
1059 1733 1111 1774 de
1144 1733 1256 1774 libris
1288 1733 1470 1789 Libycis,
1503 1737 1674 1785 Λιβυκοῖσι

240 1813 375 1861 λόγοισι,
408 1821 585 1862 quorum
605 1805 792 1846 meminit
811 1804 947 1858 ipse.†
1005 1802 1072 1844 Jo·
1094 1801 1191 1842 Alb.
1216 1801 1462 1854 Fabriciusss
1487 1802 1671 1843 elabora-

236 1884 301 1918 tos
321 1891 405 1917 non
427 1875 598 1923 censuit,
634 1874 706 1914 sed
726 1874 834 1913 intra
852 1872 1099 1927 promissum
1120 1870 1286 1912 stetisse.
1345 1870 1502 1911 Justior
1516 1871 1671 1912 verior-

239 1961 319 2002 que
360 1943 551 1999 Raphelii
585 1950 625 1983 et
667 1941 864 1983 Bouherii
904 1941 1161 1995 conjectura3
1202 1939 1383 1980 innuisse
1423 1940 1667 1994 scriptorem

239 2015 433 2056 extimam
458 2012 595 2053 Musae
616 2017 773 2067 quartae
793 2018 965 2065 partem,
998 2009 1140 2050 sedulo
1160 2008 1281 2049 rebus
1303 2007 1472 2064 Libycis
1492 2022 1670 2063 occupa-

237 2093 335 2132 tam,
370 2090 411 2122 et
430 2081 650 2122 sectionem
670 2080 713 2120 in
742 2079 884 2134 primis
911 2077 1173 2119 centesimam
1194 2076 1574 2133 quinquagesimam
1595 2091 1670 2117 no-

237 2165 350 2200 nam,
382 2149 453 2190 ubi
492 2148 544 2189 de
584 2148 742 2202 Apriae,
785 2145 975 2203 AEgyptii
1016 2145 1139 2202 regis,
1174 2153 1360 2199 suscepta
1397 2144 1440 2184 in
1477 2145 1669 2200 Cyrenen

236 2218 498 2275 expeditione
517 2225 557 2258 et
577 2216 753 2258 infausto
773 2217 858 2272 ejus
877 2223 1037 2265 eventu,
1059 2213 1190 2255 multo
1209 2222 1347 2254 tamen
1368 2214 1529 2268 parcius
1544 2228 1670 2269 quam

239 2288 496 2344 promiserat:
528 2286 639 2342 quod
670 2286 740 2342 qui
769 2284 1002 2341 contigerit,
1034 2292 1074 2324 et
1094 2297 1146 2324 an
1173 2282 1328 2338 aliquid
1349 2282 1401 2323 de
1421 2283 1558 2337 priore
1577 2297 1669 2324 sen-

239 2357 367 2398 tentia
386 2355 668 2406 demutaverit,
700 2369 786 2396 non
821 2362 973 2395 temere
1008 2351 1165 2393 dixero.
1227 2350 1400 2392 Possum
1431 2351 1666 2402 adfirmare,

236 2434 420 2467 veterum
453 2425 659 2466 neminem
701 2430 827 2479 Λόγους
857 2421 1067 2464 Herodoti
1102 2423 1266 2471 Λιβυκοὸς
1300 2420 1353 2461 ad
1387 2421 1666 2462 testimonium

235 2494 444 2544 excitasse,
476 2503 620 2536 contra
639 2508 692 2535 ex
711 2493 817 2534 libro
831 2500 979 2548 quarto
998 2505 1062 2532 res
1082 2489 1204 2531 Afras
1224 2490 1493 2546 depromsisse
1512 2490 1664 2545 plures:

234 2564 362 2604 immo
397 2563 524 2604 solere
551 2563 667 2605 illum
701 2570 860 2618 partem
889 2562 983 2603 libri
1017 2567 1114 2617 λόγον
1142 2569 1182 2602 et
1211 2568 1332 2617 λόγους
1363 2559 1582 2615 adpellare:
1613 2559 1666 2600 de

275 2709 298 2755 Δ*
318 2705 387 2736 Lib.
402 2705 485 2736 vn.
508 2709 579 2737 215.
1021 2705 1201 2747 ssBiblioth.
1221 2706 1276 2736 Gr.
1289 2703 1341 2736 lib.
1357 2703 1409 2735 11.
1422 2707 1473 2734 20.

281 2762 300 2800 †
320 2759 390 2791 Lib.
406 2760 456 2791 11.
478 2762 548 2791 161.
