1763 3116
236 159 351 208 xxiv
831 169 1101 202 PRAEFATJO.

230 300 359 341 Liber
377 297 516 351 utique
536 295 706 350 primus,
739 293 1001 350 Babylonicis
1022 302 1063 334 et
1083 291 1260 347 Assyriis
1280 290 1400 331 rebus
1421 289 1647 340 abundans,

228 368 331 409 adeo
357 374 475 419 aptus
495 371 535 404 et
563 377 693 403 nexus
713 362 907 412 cohaeret,
939 370 985 402 ut
1004 361 1141 402 locum
1157 367 1202 417 τῇ
1220 366 1360 416 διηγήσει
1387 367 1457 416 περ)
1476 366 1530 408 τὴν
1557 370 1651 401 πολι-

229 440 334 489 ορκίαν
370 439 430 480 τῆς
461 439 553 473 Νίνου
592 432 823 485 adpositum
857 429 1054 471 concedat
1092 429 1265 470 nullum.
1341 437 1440 484 Λόγοι
1478 427 1653 483 proinde

228 507 394 559 Ἀσσύριοι,
423 501 498 541 nisi
530 499 727 540 memoria
758 497 1049 554 philosophum
1081 497 1300 552 deceperit,
1334 497 1508 538 absoluti
1535 496 1653 537 editi-

230 587 309 627 que
327 570 504 627 fuerunt.
557 568 745 616 Quorum
767 567 932 622 quidem
953 565 1078 606 editio
1100 573 1215 606 tanto
1235 566 1384 606 certior
1404 576 1444 606 et
1463 565 1654 606 omnibus

229 640 362 682 dubiis
380 640 422 679 in
442 645 649 693 posterum
669 635 774 676 foret
794 635 936 684 libera,
968 635 999 674 si
1019 633 1294 690 fragmentum
1316 633 1424 683 inde,
1457 633 1569 688 quod
1589 633 1653 673 Jo.

230 708 429 751 Bouherii
467 706 686 748 sollertiam
726 704 911 753 advertit,
951 703 1204 758 perduraret.
1280 703 1407 757 Apud
1446 711 1657 744 auctorem

233 777 444 826 Chronici‚
468 776 532 817 cui
556 773 752 815 Paschale
772 787 936 822 nomen,
961 773 984 794 ἃ
1018 772 1222 821 Sesostris,
1245 785 1318 812 rex
1339 770 1528 827 AEgypti,
1559 784 1657 811 con-

229 847 346 888 tinuo
377 845 639 885 victoriarum
671 857 791 882 cursu
824 842 1026 897 Assyrios,
1066 840 1295 889 Chaldaeos,
1339 840 1483 881 Persas
1520 839 1658 895 Baby-

228 915 366 955 lonem
386 928 526 968 usque,
550 912 691 952 Asiam
711 918 922 965 praeterea,
949 924 1114 950 omnem
1135 909 1362 964 Europam,
1387 907 1598 964 Scythiam
1619 916 1660 948 et

231 982 412 1037 Mysiam
441 980 599 1021 domat:
629 980 671 1018 in
694 978 926 1034 AEgyptum
946 991 1178 1018 reversurus
1208 990 1274 1016 xv.
1295 975 1421 1016 millia
1453 974 1659 1031 Scythicae

223 1051 447 1107 juventutis
476 1050 519 1088 in
546 1047 726 1096 Perside,
761 1047 964 1102 assignata
994 1045 1070 1085 illis
1096 1044 1216 1085 fertili
1247 1053 1289 1085 et
1314 1044 1520 1085 conmoda
1549 1043 1657 1094 sede,

231 1120 419 1161 collocat:
439 1126 580 1173 postea
600 1116 656 1156 illi
680 1114 887 1156 Parthide
909 1115 1074 1156 Persico
1088 1128 1289 1163 sermone,
1312 1113 1463 1169 alioqui
1479 1112 1657 1168 Scythae,

230 1190 378 1230 virtute
409 1187 551 1228 bellica
584 1185 707 1240 longe
741 1184 1076 1238 praestantissimi,
1108 1188 1218 1229 καθὼς
1249 1182 1415 1224 additur
1446 1189 1619 1240 Ἡρόδοτος
1647 1187 1662 1222 ὁ

231 1259 419 1309 σοφώτατος
439 1259 550 1294 ταῦτα
565 1258 813 1309 συνεγράψατο,
835 1252 951 1292 sicuti
973 1252 1289 1307 sapientissimus
1307 1251 1550 1293 Herodotus
1570 1253 1660 1293 haec

230 1323 410 1364 tradidit.
472 1322 559 1363 Ubi
579 1320 771 1363 tandem?
799 1320 936 1362 Musae
958 1329 1104 1362 tacent.
1128 1320 1243 1376 Ergo
1263 1334 1315 1361 ex
1335 1319 1461 1370 libris,
1484 1322 1543 1362 uti
1563 1336 1662 1363 con-

224 1393 376 1447 jicitur,
393 1397 418 1444 †
440 1391 597 1432 Rerum
620 1391 893 1446 Assyriarum.
955 1389 1084 1438 Quod
1104 1388 1294 1444 equidem
1316 1389 1433 1430 valde
1467 1389 1659 1431 demiror.

233 1461 473 1503 Herodotus
505 1461 556 1500 de
579 1460 805 1501 Sesostride
834 1459 964 1500 multo
985 1459 1143 1513 scripsit
1167 1458 1404 1499 diversiora:
1420 1463 1444 1511 ss
1474 1460 1660 1514 Assyria-

229 1545 277 1571 ca
306 1531 389 1585 ejus
418 1538 510 1584 post
546 1529 775 1569 Aristotelis
795 1528 878 1569 fata
910 1527 1139 1576 historicos,
1171 1527 1430 1583 geographos
1464 1537 1504 1569 et
1523 1543 1661 1585 gram-

228 1600 396 1640 maticos
423 1599 629 1639 latuerunt
648 1612 802 1647 omnes,
835 1611 911 1637 nec
931 1596 1147 1651 quisquam
1170 1595 1300 1636 hilum
1322 1596 1418 1637 inde
1438 1596 1661 1652 decerpsit;

232 1678 271 1708 et
297 1667 514 1707 obscurum
544 1665 756 1706 hominem
786 1664 910 1706 seculi
939 1672 1031 1718 post
1063 1663 1218 1704 Christi
1247 1664 1402 1706 natales
1423 1666 1584 1720 septimi
1614 1681 1662 1707 ea

228 1735 425 1776 lectitasse
453 1733 710 1789 putabimus?
742 1733 877 1774 Immo
906 1741 1054 1773 cuncta
1083 1747 1176 1773 cum
1205 1732 1430 1787 pulvisculo
1461 1735 1660 1777 Chronici

228 1814 359 1846 sartor
380 1804 550 1845 corrasit
570 1818 622 1844 ex
637 1803 702 1844 Jo.
726 1802 898 1852 Malala‚
923 1808 938 1853 11
972 1817 1094 1857 quem
1117 1801 1295 1855 Suidas§
1321 1803 1397 1843 sibi
1423 1803 1570 1845 ducem
1585 1820 1660 1861 op-

229 1874 341 1922 tavit,
372 1872 485 1913 haud
513 1886 609 1912 sane
639 1871 816 1922 fidelem,
849 1880 888 1912 et
914 1872 958 1912 in
990 1871 1200 1912 Herodoti
1226 1880 1411 1927 tempore
1430 1874 1660 1925 finiendofff

227 1942 350 1997 plane
369 1941 550 1982 stultum.
605 1941 685 1982 Sed
706 1955 924 1996 poenarum
944 1941 1012 1982 ille
1030 1941 1125 1982 satis
1147 1940 1269 1982 Rich.
1293 1942 1495 1994 Bentleio,
1520 1944 1570 1985 V.
1593 1944 1659 1988 Cl.

228 2012 271 2050 in
293 2010 563 2051 eruditissima
583 2010 635 2050 ad
655 2010 720 2051 Jo.
744 2009 925 2051 Millium
943 2010 1130 2065 Epistola
1149 2010 1275 2060 dedit,
1298 2021 1339 2052 et
1358 2014 1494 2067 sperni
1514 2023 1662 2069 potest.

230 2081 287 2121 At
306 2079 483 2134 plurima
505 2079 557 2120 Is.
579 2079 747 2120 Vossius
767 2079 997 2136 fragmenta
1020 2079 1229 2121 Herodoti
1249 2080 1417 2131 detexit,
1450 2097 1542 2137 quae
1558 2084 1663 2125 nihil

226 2157 386 2189 nostras
413 2148 465 2188 ad
486 2148 630 2189 Musas
642 2164 651 2197 3
684 2164 732 2189 ea
751 2149 885 2203 promi
906 2164 958 2189 ex
979 2149 1268 2190 conmentariis
1293 2150 1451 2192 Rerum
1473 2154 1661 2209 Assyria-

225 2232 367 2259 carum
394 2217 583 2271 potuisse,
603 2219 652 2241 *ᾖ
693 2219 961 2272 suspicantur.
1004 2218 1153 2261 Fateor
1176 2221 1300 2271 ultro,
1335 2222 1432 2262 talia
1452 2223 1494 2262 in
1524 2237 1662 2279 gram-

228 2286 472 2327 maticorum
494 2285 652 2326 scholiis
680 2295 720 2326 et
738 2286 879 2327 lexicis
913 2289 1101 2338 inveniri,
1138 2305 1230 2346 quae
1252 2291 1305 2331 Is.
1327 2291 1508 2341 Vossius,
1532 2292 1657 2333 modo

229 2370 277 2396 ea
312 2363 450 2396 curate
484 2356 736 2405 excussisset,
778 2355 1001 2397 Herodoto
1036 2358 1137 2399 citra
1171 2360 1344 2401 dubium
1379 2360 1659 2415 abjudicasset.

233 2423 539 2478 Conpendiario
559 2423 788 2478 scriptionis
807 2424 949 2475 modo,
966 2426 1009 2466 in
1030 2427 1188 2482 scriptis
1208 2428 1418 2469 codicibus
1437 2443 1522 2469 non
1537 2443 1660 2484 parce

272 2560 294 2581 aas
312 2549 384 2579 Chr.
400 2548 511 2578 Pasch.
527 2559 558 2587 p.
573 2551 624 2578 58.
638 2559 667 2578 D·
684 2547 770 2578 Edit.
787 2547 897 2578 Venet.
1008 2551 1027 2589 ᾗ
1048 2550 1088 2580 In
1105 2552 1211 2593 Πάρθοι
1227 2557 1258 2581 et
1271 2552 1407 2593 Σῶστρις.

271 2605 291 2643 †
310 2602 381 2632 Vid.
405 2601 556 2632 Bouherii
573 2601 656 2632 Diss.
678 2601 831 2632 Herodot.
855 2612 920 2641 cap·
1007 2606 1030 2643 Ἦ
1050 2603 1221 2645 Chronogr.
1238 2616 1267 2644 p.
1284 2609 1356 2635 200.

256 2679 263 2686 .
1011 2658 1049 2674 Η
1085 2658 1264 2688 Bouherius
1290 2658 1421 2688 Dissert.
1450 2658 1570 2688 Herod.
1586 2668 1611 2688 c.
1636 2663 1662 2694 1,

274 2713 288 2751 1,,-
310 2710 380 2741 Lib.
397 2709 445 2740 11.
464 2713 532 2740 105.
970 2710 1165 2742 Colomesius
1190 2712 1284 2750 Oper.
1305 2722 1336 2750 p.
1351 2714 1423 2743 525.
1440 2712 1604 2743 Berkelius
1622 2712 1656 2742 in

279 2766 290 2806 η
316 2763 548 2804 chronograph.
562 2773 592 2802 p.
607 2766 655 2792 528.
969 2764 1072 2804 steph.
1089 2765 1164 2805 Byz.
1177 2775 1244 2796 voc.
1256 2764 1392 2796 Ἀνδανία.

238 2661 247 2687 2
