1763 3116
257 186 289 216 X
834 183 1102 216 PRAEFATIO.

253 323 381 364 quum
400 306 624 348 admodum
655 306 778 347 etiam
799 314 994 360 corrupto
1017 321 1110 347 usus
1153 314 1253 348 esset
1277 308 1488 351 Herodoti
1521 311 1676 364 codice,

250 379 308 418 ita
328 377 568 430 scriptorem
599 375 709 416 hunc
740 375 889 416 Latine
921 375 1133 424 convertit,
1166 384 1211 417 ut
1240 377 1478 420 incredibile
1498 379 1611 422 dictu
1631 382 1682 423 sit

250 460 371 501 quam
403 445 540 486 multis
570 445 613 484 in
642 445 741 485 locis
771 452 842 485 aut
870 459 1036 498 prorsus
1068 444 1119 484 ab
1139 446 1316 487 auctoris
1347 455 1486 489 mente
1516 448 1679 490 aberret

248 515 354 555 illius
382 514 525 562 versio,
548 522 618 554 aut
648 513 704 554 ita
734 512 928 568 ambigua
948 513 998 553 sit
1031 520 1071 553 et
1092 527 1238 566 parum
1267 514 1460 565 dilucida,
1491 524 1537 556 ut
1566 515 1680 557 haud

247 599 354 632 raro,
377 583 476 638 quid
497 583 547 623 sit
567 582 679 638 quod
699 581 763 623 vel
795 582 968 623 Graecus
1000 582 1176 635 scriptor
1195 582 1258 623 vel
1280 584 1364 637 ejus
1395 584 1596 639 interpres
1617 585 1680 626 di·-

247 667 339 694 cere
359 651 547 700 voluerit,
579 650 750 705 perinde
781 650 971 699 incertus
990 649 1158 691 haereas.
1221 651 1417 707 Denique
1443 653 1604 694 videtur
1633 654 1681 694 il-

246 721 284 762 le
305 722 428 761 etiam
450 734 534 760 non
570 728 727 760 tantam
757 733 912 768 curam,
945 727 1141 774 quantam
1161 728 1364 773 potuerat,
1388 722 1429 762 in
1451 721 1560 763 hanc
1581 738 1680 764 con-

246 789 463 830 ficiendam
501 788 710 828 Herodoti
731 787 958 828 versionem
988 787 1250 841 impendisse,
1274 789 1342 829 sed
1377 797 1506 830 totam
1534 790 1679 832 admo-

245 859 343 899 dum
381 858 672 912 deproperasse
708 870 889 910 operam.
979 855 1035 896 Et
1075 855 1312 897 Gronovius
1348 857 1514 912 quidem
1549 858 1680 900 multa

244 927 375 967 Vallae
396 934 528 967 errata
549 925 697 979 passim
718 924 911 973 correxit,
933 923 1004 964 sed
1024 923 1153 980 longe
1173 932 1310 965 tamen
1331 925 1508 979 plurima
1526 926 1680 968 intacta

243 996 422 1050 reliquit:
446 993 645 1035 nonnulla
662 994 784 1034 etiam
808 993 862 1032 ita
878 992 1065 1041 mutavit,
1087 1001 1132 1032 ut
1147 993 1387 1046 pervertisse
1406 995 1538 1051 magis
1553 1010 1677 1050 quam

242 1067 465 1108 correxisse
496 1064 692 1105 videatur.
756 1062 864 1110 Quae
895 1076 991 1103 vero
1023 1061 1322 1118 Wesselingius
1352 1064 1395 1103 in
1425 1063 1566 1105 eadem
1588 1080 1679 1105 ver—

240 1136 353 1176 sione
380 1134 572 1182 correxit,
604 1131 758 1186 oppido
788 1145 920 1184 pauca
950 1139 1062 1178 sunt3
1094 1138 1243 1171 caetera
1273 1146 1296 1171 a
1317 1131 1406 1171 viro
1434 1131 1558 1188 longe
1579 1132 1679 1173 doc-

240 1205 406 1252 tissimo,
426 1203 581 1256 majora
602 1207 823 1254 spectante,
847 1198 1035 1239 consulto
1050 1198 1247 1254 neglecta.
1310 1199 1376 1240 Ita
1396 1199 1443 1241 fit
1459 1209 1505 1241 ut
1526 1201 1595 1241 vix
1615 1201 1678 1242 ul-

239 1274 301 1314 lus
324 1280 453 1312 exstet
475 1270 648 1311 Graecus
680 1276 835 1317 auctor,
860 1268 974 1322 cujus
998 1267 1149 1308 Latina
1170 1268 1302 1309 versio
1323 1277 1406 1309 tam
1430 1269 1536 1310 male
1555 1270 1676 1310 mise-

240 1358 365 1397 reque
386 1350 623 1395 comparata
644 1340 709 1388 sit,
739 1352 862 1393 quam
894 1352 940 1377 ea
971 1351 1063 1392 quae
1084 1337 1137 1377 ad
1156 1336 1267 1378 hunc
1296 1353 1424 1393 usque
1452 1338 1562 1379 diem
1584 1354 1675 1380 sua—

237 1412 407 1453 vissimis
442 1410 650 1451 Herodoti
681 1408 816 1450 Musis
855 1421 991 1448 comes
1015 1407 1161 1461 juncta
1195 1415 1293 1447 erat.
1357 1407 1512 1458 Quare,
1545 1422 1674 1463 quum

237 1482 315 1522 hac
364 1495 471 1520 nova
521 1479 700 1519 editione
745 1477 1003 1532 propositum
1051 1475 1169 1516 nobis
1215 1475 1352 1525 fuerit,
1407 1490 1493 1517 non
1542 1476 1675 1517 solum

237 1550 455 1591 doctorum
500 1548 731 1595 hominum,
773 1547 845 1601 qui
893 1545 963 1586 tali
1014 1543 1264 1585 adminiculo
1299 1559 1384 1585 non
1424 1545 1671 1602 indigerent,

235 1618 431 1659 inservire
463 1616 618 1665 studiis,
648 1628 789 1655 verum
825 1614 948 1654 etiam
970 1613 1022 1654 ab
1055 1613 1111 1654 eis
1147 1612 1367 1655 Musarum
1399 1613 1540 1655 amicis
1569 1615 1674 1656 inire

236 1688 428 1744 gratiam,
452 1685 600 1740 quibus
620 1685 662 1724 in
692 1683 772 1724 hoc
793 1683 910 1729 mari,
943 1682 1127 1737 quamvis
1150 1681 1328 1735 placido,
1359 1697 1445 1723 non
1471 1683 1557 1724 sine
1577 1698 1669 1724 cor-

237 1758 316 1797 tice
346 1763 489 1796 natare
519 1754 661 1794 datum
696 1760 771 1800 est3
802 1751 995 1791 illusurus
1024 1750 1127 1791 mihi
1158 1751 1265 1791 visus
1296 1765 1408 1791 eram
1437 1750 1669 1802 lectoribus,

235 1826 267 1866 si
308 1824 500 1865 Latinam
523 1821 766 1870 versionem,
793 1819 920 1874 qualis
941 1818 1077 1860 adhuc
1107 1818 1198 1869 fuit,
1222 1819 1438 1874 repetitam
1459 1819 1671 1862 exhibuis-

236 1908 332 1934 sem.
395 1892 445 1932 In
466 1906 547 1945 qua
562 1889 729 1945 quidem
751 1887 1010 1929 emendanda
1030 1896 1249 1942 postquam
1268 1887 1450 1941 primum
1480 1888 1538 1929 ita
1568 1903 1667 1930 con-

236 1962 445 2002 stitueram
477 1957 640 2006 versari,
674 1965 732 2006 ut,
755 1956 909 1996 intacta
940 1955 1173 2010 relinquens
1194 1970 1465 2012 quaecumque
1484 1956 1581 1997 ferri
1602 1965 1666 1998 ut-

236 2044 411 2084 cumque
443 2034 619 2082 possent,
654 2040 702 2066 ea
731 2024 899 2066 demum
934 2032 1150 2074 mutarem,
1182 2038 1274 2079 quae
1307 2033 1378 2066 aut
1414 2025 1667 2077 obscuriora,

237 2107 306 2139 aut
338 2097 388 2137 ad
421 2109 585 2137 sensum
606 2094 740 2134 minus
771 2092 988 2134 commode
1008 2093 1152 2147 posita,
1188 2101 1261 2133 aut
1289 2107 1383 2148 quae
1413 2093 1465 2134 ab
1491 2095 1669 2135 auctoris

235 2175 373 2210 mente
402 2179 568 2220 prorsus
599 2171 731 2204 essent
751 2162 900 2211 aliena3
933 2176 1032 2202 mox
1052 2161 1254 2211 intellexi,
1277 2170 1317 2202 et
1345 2161 1399 2203 ad
1414 2162 1668 2218 aequabilita-

238 2245 321 2277 tem
353 2233 550 2275 orationis
571 2232 704 2286 aptius
734 2230 835 2281 fore,
857 2239 898 2271 et
927 2230 1078 2285 alioqui
1098 2230 1228 2271 multo
1259 2231 1529 2280 commodius,
1552 2231 1583 2272 si
1606 2239 1668 2272 to-

236 2314 321 2347 tam
342 2303 393 2344 de
408 2303 568 2358 integro
588 2300 847 2356 refingerem.
904 2300 1044 2354 Atque
1064 2299 1144 2339 hoc
1156 2299 1214 2339 ita
1233 2300 1386 2355 peregi,
1402 2307 1463 2349 ut,
1482 2299 1668 2341 absoluta

239 2389 316 2428 pro
337 2372 417 2412 mei
449 2378 572 2425 captu
606 2368 761 2425 ingenii
797 2367 1053 2424 singulorum
1079 2367 1262 2422 capitum
1282 2368 1479 2418 versione,
1517 2369 1669 2410 Latina

237 2451 377 2484 nostra
390 2455 484 2482 cum
506 2438 795 2480 Laurentianis
816 2446 857 2478 et
877 2451 972 2478 cum
1002 2436 1066 2476 his
1086 2450 1179 2491 quae
1199 2437 1242 2476 in
1271 2436 1350 2478 illis
1371 2437 1434 2478 vel
1454 2437 1506 2478 ab
1529 2437 1666 2480 Henr.

240 2510 450 2566 Stephano
470 2509 513 2548 in
535 2522 608 2549 ora
627 2521 710 2547 suae
731 2506 919 2547 editionis
948 2505 1148 2546 mutanda
1175 2506 1399 2561 proposita,
1421 2506 1485 2547 vel
1515 2521 1608 2561 quae
1641 2524 1666 2549 a

240 2579 455 2623 Gronovio
485 2584 555 2617 aut
586 2574 863 2630 WVesselingio
897 2582 1055 2615 mutata
1084 2582 1197 2624 sunt,
1225 2574 1467 2629 plerumque
1502 2575 1663 2616 confer-

236 2665 343 2698 rem;
390 2656 445 2696 et,
477 2645 510 2686 si
529 2644 628 2700 quid
649 2644 691 2683 in
721 2642 784 2683 his
804 2643 950 2683 rectius
977 2642 1282 2683 commodiusve
1302 2643 1482 2698 positum
1502 2643 1660 2685 videre-

238 2727 319 2767 tur,
341 2717 382 2757 id
403 2718 549 2770 ipsum,
580 2711 720 2752 deletis
749 2712 909 2761 nostris,
932 2711 1184 2766 adoptarem.
1245 2711 1310 2751 Ita
1339 2711 1383 2751 in
1403 2711 1662 2754 conficienda

238 2785 318 2825 hac
358 2784 507 2826 Latina
547 2780 731 2821 versione
774 2779 884 2820 idem
904 2793 1070 2835 prorsus
1110 2786 1269 2820 secutus
1304 2793 1395 2819 sum
1435 2779 1663 2830 consilium,

241 2854 352 2910 quod
390 2852 531 2894 Reizio
561 2848 658 2891 olim
693 2847 915 2891 clarissimo
947 2849 1036 2891 viro
1062 2848 1320 2905 propositum
1360 2846 1481 2890 fuisse
1514 2847 1664 2890 deinde

903 2929 923 2955 4
