1819 3121
565 149 920 197 THALIA
978 151 1076 199 ΙΙΙ.
1387 159 1481 198 235

136 284 163 308 ‘⁶
186 279 348 333 ξάσπεα
372 279 613 342 ἀποπέμπω
635 282 673 334 ἐς
699 281 840 329 Σοῦσα
863 282 1158 329 ἀποκτενέοντα
1184 282 1367 346 Σμέρδιν.
1387 283 1483 346 ἐξερ-

136 362 165 384 “
188 356 417 416 γασθέντος
440 357 480 403 δὲ
503 363 640 404 κακοῦ
661 359 869 415 τοσούτου,
893 359 1017 413 ἀδεῶς
1053 359 1287 421 διαιτώμην,
1314 360 1483 422 οὐδαμοῖ

136 439 166 461 ‘⁶
189 434 471 496 ἐπιλεξάμενος
509 436 568 497 μη
607 435 702 482 κοτέ
726 435 788 489 τίς
810 455 897 499 μοι,
926 435 1119 500 Σμέρδιος
1143 436 1480 500 ὑπαραιρημένου,

15 573 18 575 Α
49 516 110 557 15
135 516 165 538 “
188 510 318 564 οἵλλος
353 510 609 566 ἐπανασταίη
649 512 881 577 ἀνθρώπων.
931 512 1085 566 παντὸς
1125 512 1165 560 δὲ
1205 517 1280 560 τοῦ
1312 514 1483 575 μέλλον-

135 591 168 613 ‘⁶
190 605 259 639 τος
306 586 474 635 ἔσεσθαι
515 588 721 652 ἀμαρτῶν,
763 589 1074 649 ἀδελφεοκτόνος
1113 608 1173 646 τε,
1225 588 1331 636 οὐδὲν
1384 589 1478 644 δέον,

138 669 169 691 “
192 663 358 724 γέγονα,
392 663 469 711 καὶ
491 669 562 719 τῆς
585 665 801 729 βασιληίης
824 666 931 714 οὐδὲν
953 665 1069 721 ἧσσον
1094 667 1317 730 ἐστέρημαι.
1352 665 1483 729 Σμέρ-

136 747 163 768 “
187 740 246 793 δις
280 740 362 805 γοὶρ
396 741 442 795 δῆ
471 740 514 794 ῆν
547 742 568 787 ὁ
597 743 769 802 Μάγος,
818 742 884 789 τόν
923 762 994 806 μοι
1031 743 1052 789 ὁ
1081 743 1235 805 δαίμων
1275 743 1483 807 προέφαινε

133 823 160 845 ‘⁶
185 818 220 863 ἐν
259 821 311 881 τῆ
361 817 458 878 ὄψει
499 820 873 872 ἐπαναστῆσεσθαι.
945 818 1010 866 Τδ
1048 819 1119 882 μὲν
1161 819 1206 873 δὴ
1244 819 1353 883 ἔργον
1389 820 1485 885 ἐξέρ-

42 900 109 940 20
127 901 153 921 ‘⁶
177 896 347 955 γασταί
374 914 460 958 μοι,
494 896 570 942 καὶ
614 895 783 958 Σμέρδιν
819 895 886 943 τδν
921 897 1055 960 Κυρου
1078 897 1226 960 μηκέτι
1251 897 1344 960 ὑμῖν
1368 898 1485 946 ἐόντα

132 977 160 999 “
181 971 420 1035 λογίζεσθε·
455 974 495 1019 οἱ
525 972 564 1019 δέ
601 972 691 1035 ὑμῖν
719 975 871 1034 Μάγοι
894 973 1107 1037 κρατέουσι
1148 978 1222 1020 τῶν
1246 975 1484 1037 βασιληίων,

133 1054 160 1075 “
183 1048 250 1095 τόν
281 1068 324 1096 τε
359 1049 494 1096 ἐ’λιπον
527 1050 738 1114 ἐπίτροπον
762 1055 836 1096 τῶν
872 1051 1012 1106 οἰκίων,
1047 1049 1124 1097 καὶ
1143 1050 1164 1096 ὁ
1186 1051 1330 1098 ἐκείνου
1365 1052 1484 1100 ἀδελ-

133 1131 163 1154 “
187 1125 278 1184 φεὸς
314 1125 495 1190 Σμέρδις.
563 1126 629 1174 τδν
652 1127 724 1190 μέν
760 1147 820 1174 νυν
848 1129 1041 1191 μάλιστα
1064 1131 1172 1192 χρῆν,
1206 1129 1305 1190 ἐμεῦ
1327 1129 1484 1194 αἰσχροὶ

133 1209 163 1231 “
187 1203 283 1267 πρὸς
305 1209 380 1250 τῶν
408 1205 572 1264 Μάγων
597 1204 864 1260 πεπονθότος,
895 1205 1092 1268 τιμωρέειν
1117 1203 1219 1267 ἐμοὶ,
1255 1202 1371 1260 οὗτος
1410 1207 1483 1270 μὲν

45 1286 109 1328 25
132 1287 159 1309 ⁶⁶
182 1280 325 1343 ἀνοσίῳ
346 1281 455 1344 μόρῳ
477 1281 734 1334 τετελεύτηκε
776 1279 858 1327 ὑπδ
897 1286 972 1328 τῶν
1013 1280 1162 1328 ἑωυτοῦ
1198 1283 1482 1336 οἰκηΐωτάτων.

132 1364 160 1385 “
185 1358 348 1404 Τούτου
391 1357 431 1405 δέ
470 1358 617 1421 μηκέτι
655 1357 794 1414 ἐόντος,
827 1358 989 1422 δεῦτερα
1024 1363 1100 1404 τῶν
1129 1364 1278 1405 λοιπῶν
1315 1359 1419 1423 ὑμῖν,
1455 1361 1485 1408 ὦ

134 1440 160 1462 “
186 1433 356 1498 Πέρσαι,
398 1434 563 1495 γίνεταί
610 1453 681 1498 μοι
721 1434 1058 1495 ἀναγκαιότατον
1109 1435 1386 1493 ἐντέλλεσθαι,
1426 1436 1486 1486 τοὶ

132 1517 162 1540 “
186 1511 297 1559 θέλω
336 1531 407 1574 μοι
446 1511 652 1571 γενέσθαι,
705 1516 897 1558 τελευτῶν
936 1510 1002 1558 τδν
1037 1512 1142 1573 βίον.
1178 1513 1256 1560 καὶ
1311 1514 1358 1569 δῆ
1393 1515 1485 1580 ὑμῖν

134 1595 162 1617 “
184 1589 283 1637 τάδε
323 1590 574 1645 έπισκηπτω,
598 1588 718 1642 θεοὺς
740 1587 836 1642 τοῦς
865 1589 1107 1652 βασιληίους
1142 1591 1378 1648 ἐπικαλέων,
1409 1594 1486 1642 καὶ

44 1675 110 1715 30
133 1673 163 1696 “
185 1668 311 1714 πᾶσιν
335 1667 441 1730 ὑμῖν,
475 1666 551 1714 καὶ
573 1668 767 1730 μάλιστα
806 1666 1131 1730 Ἀχαιμενιδέων
1172 1674 1274 1715 τοῖσι
1314 1677 1485 1736 παρεοῦ-

132 1751 163 1774 “
187 1762 242 1801 σι,
267 1744 326 1807 μῆ
345 1743 524 1808 περιιδεῖν
555 1743 623 1798 τῆν
655 1742 860 1806 ἡγεμονίην
893 1742 1012 1796 αὖτις
1049 1745 1086 1797 ἐς
1125 1745 1296 1800 Μηδους
1332 1758 1485 1812 περιελ-

134 1828 164 1851 “
187 1823 357 1869 θοῦσαν·
391 1821 506 1877 ἀλλ’,
531 1824 605 1868 εἴτε
638 1819 741 1883 δόλῳ
776 1820 913 1881 ἔχουσι
938 1820 1063 1875 αὐτῆν
1093 1823 1353 1886 κτησάμενοι,
1381 1825 1486 1890 δόλῳ

132 1905 161 1927 “
183 1898 456 1962 ἀπαιρεθῆναι
482 1896 564 1945 ὑπὸ
600 1896 742 1960 ὑμέων·
785 1901 860 1944 εἴτε
891 1896 968 1944 καὶ
1002 1897 1139 1945 σθένεΐ
1162 1917 1237 1962 τεῳ
1276 1920 1485 1965 κατεργα-

134 1982 162 2005 “
185 1977 364 2039 σάμενοι,
401 1975 537 2022 σθένεϊ
561 1972 679 2022 κατοὶ
714 1973 763 2021 τό
798 1973 984 2038 καρτερὸν
1021 1975 1340 2024 ἀνασώσασθαι.
1410 1978 1486 2027 καὶ

49 2060 109 2100 35
135 2059 162 2081 ⁶⁶
185 2056 328 2099 ταῦτα
378 2051 449 2115 μὲν
493 2056 648 2098 ποιεῦσι
700 2050 792 2113 ὑμῖν
840 2055 899 2111 γῆ
938 2070 982 2098 τε
1016 2052 1171 2116 καρπδν
1208 2054 1375 2119 ἐκφέροι,
1409 2055 1487 2104 καὶ

133 2136 164 2158 “
187 2128 376 2189 γυναῖκές
409 2147 452 2176 τε
483 2127 559 2175 καὶ
582 2133 752 2191 ποῖμνια
788 2128 972 2185 τίκτοιεν,
1001 2130 1105 2176 ἐοῦσι
1141 2131 1179 2183 ἐς
1209 2129 1276 2178 τδν
1308 2132 1485 2182 ἅπαντα

133 2215 162 2237 ⁶⁶
183 2206 318 2272 χρόνον
360 2207 615 2272 ἐλευθέροισι·
666 2205 726 2269 μῆ
771 2207 1114 2270 ἀνασωσαμένοισι
1153 2207 1192 2255 δὲ
1232 2208 1301 2263 τῆν
1341 2210 1482 2275 ἀρχὴν,

132 2292 161 2314 “
183 2285 277 2348 μηδ’
318 2286 593 2348 ἐπιχειρησασι
618 2284 850 2347 ἀνασώζειν,
891 2283 948 2331 τοὶ
972 2285 1131 2332 ἐναντία
1155 2286 1334 2334 τούτοισι
1373 2289 1482 2352 ἀρέο-

132 2370 160 2392 “
182 2382 264 2427 μαι
289 2362 381 2426 ὑμῖν
405 2362 609 2423 γενέσθαι·
641 2362 718 2409 καὶ
741 2361 836 2427 πρὸς
859 2362 917 2409 ἐ’τι
954 2362 1145 2420 τούτοισι,
1170 2363 1218 2411 τό
1241 2364 1356 2419 τέλος
1381 2368 1486 2431 Περ-

46 2448 112 2488 40
135 2447 162 2468 ‘⁶
185 2439 277 2487 σέων
313 2439 473 2502 ἑκάστω
509 2439 769 2500 ἐπιγένεσθαι
811 2439 884 2486 οἷον
922 2438 1012 2502 ἐμοὶ
1036 2440 1282 2501 ἐπιγέγονε.”
1347 2442 1486 2506 “Apa

133 2536 178 2565 τε
202 2521 320 2570 εἴπας
342 2521 485 2564 ταῦτα
521 2516 542 2562 ὁ
567 2515 812 2580 Καμὲόσης,
836 2516 1040 2564 ἀπέκλαιε
1070 2518 1211 2565 πᾶσαν
1241 2517 1309 2572 τὴν
1338 2519 1487 2568 ἑωυτοῦ

133 2597 284 2659 πρῆξιν.

200 2687 337 2718 LXVI.
376 2671 532 2735 Πέρσαι
559 2671 590 2717 δ’
614 2672 664 2724 ὦς
698 2669 763 2718 τδν
795 2671 979 2734 βασιλέα
1015 2671 1110 2717 εἶδον
1141 2671 1484 2730 ἀνακλαὺσαντα,

137 2750 286 2803 πάντες
309 2750 366 2797 τά
389 2769 431 2796 τε
457 2750 628 2803 ἐσθῆτος
652 2748 828 2811 ἐχόμενα
864 2749 982 2809 εἶχον,
1005 2753 1149 2796 ταῦτα
1184 2751 1482 2866 κατηρείκονίτο,

1311 2828 1408 2861 &suf
1430 2855 1436 2862 .

1501 451 1709 494 vf-zfflcwa

1507 505 1642 534 »vx-uc&
1657 515 1819 565 cfflmjlt

1510 2700 1680 2734 Persarum

1509 2744 1614 2775 luctus
1626 2757 1632 2773 :

1513 2788 1682 2827 Cambyses
