1763 3116
252 178 401 226 xxxvi
858 190 1126 224 PRAEFATIO.

254 319 339 361 Ubi
359 319 467 360 lacer
496 326 556 359 est
584 324 624 358 et
652 315 796 358 hiascit
825 315 958 357 Vallae
987 315 1105 366 liber,
1133 314 1191 356 ibi
1220 314 1264 355 in
1295 313 1424 356 MSS.
1457 313 1672 370 Archiep.,

251 387 576 437 Vindobonensi,
599 394 638 428 et
657 386 857 441 plerisque
878 384 1087 426 Vaticanis
1108 391 1148 425 et
1177 383 1482 426 Oxoniensibus
1502 384 1671 426 lacunae.

253 459 295 499 Si
334 456 433 513 quid
465 457 508 497 in
540 455 602 496 his
634 463 704 496 aut
737 455 993 510 praecipuum
1026 462 1097 494 aut
1131 453 1381 504 exorbitans,
1421 453 1531 495 idem
1560 452 1673 508 apud

251 526 533 568 Laurentium.
614 524 783 579 Conpar
817 524 859 564 in
898 537 1022 579 quam
1056 521 1242 577 plurimis
1276 522 1382 564 inter
1419 522 1671 572 Mediceum,

253 596 515 637 Passioneum
547 602 587 636 et
615 593 764 635 Askew
797 592 946 642 Codd„
972 592 1192 633 Passioneo
1221 591 1264 631 in
1295 591 1526 632 alterutrius
1555 591 1673 646 lapsu

250 672 417 712 rectum,
440 671 484 704 ut
507 661 742 717 plurimum,
774 668 953 709 tenente,
985 658 1220 700 concordia.
1282 659 1537 708 Ceterorum,
1570 673 1672 714 quo-

250 747 342 774 rum
389 732 583 772 continua
618 736 811 788 excerpta
845 728 956 772 haud
992 728 1176 782 adspexi,
1213 734 1468 768 constantem
1499 741 1672 768 consen-

249 800 404 840 sionem
426 799 563 840 testari
597 812 769 853 nequeo.
829 796 935 838 Tres
969 796 1126 851 priores
1157 794 1303 836 eodem
1335 809 1387 836 ex
1421 794 1547 845 fonte,
1589 795 1672 836 sive

250 868 479 924 antiquiore
509 867 763 916 membrana,
794 865 930 908 hausti
959 864 1166 913 videntur,
1197 864 1310 919 cujus
1340 863 1485 914 scriba,
1506 863 1674 905 fortasse

249 936 425 978 offensus
445 936 597 977 crebris
628 934 765 976 Musae
794 933 940 988 primae
970 932 1221 982 excursibus,
1242 941 1412 973 cunctos
1446 931 1673 986 inpruden-

248 1013 310 1046 ter
329 1003 516 1053 abscidit,
539 1012 592 1052 et,
614 1017 666 1044 ne
686 1001 821 1044 hiatus
840 1001 966 1044 taedio
995 1001 1142 1050 forent,
1165 1014 1320 1042 nexum
1335 1001 1561 1055 seriemque
1581 1015 1674 1041 ora-

248 1073 370 1114 tionis
390 1072 536 1113 callide
555 1071 721 1126 aptavit.
783 1070 932 1113 Ultimi
961 1078 1042 1111 tres
1073 1069 1157 1111 aliis
1188 1083 1241 1110 ex
1270 1069 1429 1110 schedis
1453 1069 1674 1110 descende-

248 1150 359 1191 runt,
391 1141 699 1196 prudentiorem
730 1153 1018 1181 amanuensem
1049 1147 1089 1179 et
1118 1137 1221 1178 nihil
1250 1145 1404 1179 temere
1424 1137 1674 1179 auferentem

247 1209 438 1264 indeptis,
461 1217 582 1265 atque
602 1224 649 1250 ea
670 1207 722 1249 de
742 1222 883 1249 caussa
903 1206 1269 1248 conmendatiores.
1332 1206 1530 1262 Reliquas
1551 1207 1678 1262 scrip-

248 1288 351 1321 turae
381 1278 631 1328 differitates,
663 1291 756 1333 quae
786 1291 882 1319 sane
922 1290 1044 1332 quam
1077 1274 1233 1325 multae,
1274 1284 1462 1329 acceptas
1484 1274 1676 1325 librariis,

249 1348 403 1390 Ionicae
417 1347 579 1389 dialecti
592 1360 757 1388 veneres
773 1346 1042 1388 conmuniore
1057 1358 1244 1386 sermone
1257 1344 1523 1394 mutantibus,
1540 1358 1678 1385 voces-

248 1432 328 1472 que
347 1417 515 1471 optimae
547 1424 658 1457 notae
688 1423 728 1456 et
747 1428 887 1456 earum
917 1423 1071 1456 veteres
1100 1412 1357 1462 inflexiones,
1389 1412 1500 1468 quod
1528 1412 1581 1454 ab
1603 1428 1678 1454 usu

248 1485 447 1535 abierant,
478 1483 814 1540 pervertentibus,
837 1482 980 1525 refero.
1045 1481 1305 1524 Damnosum
1328 1481 1429 1522 illud
1452 1480 1676 1522 Herodoto

247 1552 478 1594 institutum
508 1552 648 1592 videor
677 1551 779 1592 mihi
801 1550 1021 1604 saepissime
1041 1547 1356 1603 deprehendisse
1383 1558 1424 1590 et
1444 1549 1675 1590 certissimis

248 1619 502 1661 documentis
537 1619 578 1660 in
614 1618 800 1660 omnium
834 1618 1017 1673 posuisse
1046 1625 1323 1671 conspectum.
1385 1616 1578 1672 Namque
1598 1616 1673 1671 ipsi

249 1689 464 1744 Scriptori‚
489 1687 633 1730 Musas
664 1688 717 1729 de
745 1702 856 1729 novo
885 1687 1128 1737 recensenti,
1150 1701 1243 1742 quae
1264 1686 1523 1742 quorundam
1545 1687 1676 1741 suspi-

248 1758 312 1799 cio
346 1757 434 1807 fuit,
457 1757 743 1812 discrepantiae
775 1755 969 1798 notabilis
999 1756 1202 1813 originem
1223 1770 1308 1797 non
1329 1756 1457 1796 ausim
1479 1754 1676 1796 tribuere:

249 1835 370 1883 atque
390 1826 470 1868 hoc
489 1827 639 1876 minus,
671 1826 865 1882 quoniam
895 1825 939 1866 in
960 1825 1178 1877 vocabulis,
1211 1825 1313 1868 citra
1332 1824 1503 1866 dubium
1523 1824 1674 1879 pravis,

250 1895 495 1937 admiranda
515 1894 584 1936 sed
605 1903 646 1936 et
665 1894 776 1936 foeda
795 1895 982 1936 omnium
1003 1893 1194 1949 adparuit
1214 1893 1502 1948 conspiratio*

309 2030 408 2079 Quo
436 2029 562 2070 modo
591 2043 753 2086 cunque
783 2037 920 2071 autem
954 2044 996 2069 se
1024 2029 1099 2070 ista
1127 2027 1362 2077 habuerint,
1393 2026 1601 2083 neglectos
1635 2036 1676 2070 et

251 2098 557 2154 quodammodo
595 2106 824 2141 contemtos
852 2097 905 2139 ab
926 2097 1152 2138 editoribus
1189 2096 1310 2138 fuisse
1344 2095 1571 2151 Scriptores
1606 2095 1677 2152 qui

254 2167 499 2209 Herodotea
536 2167 789 2209 advocarunt
823 2174 864 2210 et
893 2166 1209 2221 exscripserunt,
1247 2164 1417 2206 miratus
1456 2178 1565 2220 saepe
1602 2163 1674 2205 fui.

253 2235 321 2277 Ex
341 2235 546 2290 Dionysio
577 2234 677 2275 mihi
708 2234 1036 2283 Halicarnasseo,
1062 2233 1280 2281 Strabone,
1305 2231 1541 2282 Plutarcho,
1566 2231 1676 2273 Pau-

249 2305 374 2354 sania,
410 2304 589 2353 Stobaeo,
614 2303 853 2353 Eustathio‚
884 2312 925 2344 et
944 2303 1033 2344 aliis
1064 2302 1142 2343 hac
1173 2302 1224 2342 de
1256 2300 1424 2351 familia,
1447 2301 1674 2358 selegeram

214 2389 217 2391 ·
253 2372 443 2427 plurima,
484 2372 700 2427 publicatis
738 2371 920 2415 meliora.
1000 2371 1101 2412 Vidi,
1134 2371 1324 2426 deinceps
1358 2370 1489 2412 simile
1529 2370 1672 2426 Steph.

258 2441 458 2498 Bergleri,
491 2441 564 2482 viri
594 2441 830 2491 doctissimi,
867 2440 1044 2482 eundem
1075 2454 1237 2481 mecum
1267 2439 1492 2481 exercentis
1511 2453 1673 2495 agrum,

301 2568 317 2585 ³*
343 2566 480 2608 [Notum
504 2573 556 2603 est,
584 2567 650 2607 jam
680 2566 755 2597 olim
783 2566 941 2598 Philemo·
990 2565 1170 2606 Porphyrio‚
1202 2564 1377 2602 Quaestion.
1393 2563 1588 2595 Homericar.
1608 2574 1675 2605 cap.

257 2632 330 2652 nem
362 2620 600 2662 grammaticum
635 2626 839 2662 conquestum
869 2630 942 2653 esse,
987 2625 1016 2651 8.
1027 2620 1074 2662 (in
1090 2620 1231 2651 Barnesii
1246 2619 1381 2651 editione
1404 2618 1539 2650 Homeri
1555 2618 1628 2650 Vol.
1644 2618 1673 2650 1.

258 2677 362 2709 πολλὰ
386 2677 509 2718 φέρεσθαι
536 2677 626 2719 μέχρι
668 2677 708 2707 νῦν
737 2676 943 2719 ἁμαρτήματα.
987 2674 1081 2715 xcu.)
1118 2671 1163 2711 S.]

260 2732 342 2762 κατὰ
358 2731 408 2764 τὴν
420 2728 565 2773 Ἱΐροδὸτον
585 2729 772 2773 συγγραφῆνι
795 2729 947 2760 referente
