1763 3116
224 176 305 224 xiv
832 188 1098 222 PRAEFArio.

654 351 866 401 AEQUO
911 348 1218 393 LECTORI

890 479 921 506 S.
944 479 985 505 D.

351 582 576 640 PET.
630 576 1516 637 WESSELINGIUS.

227 724 479 780 FAcwnus
513 737 614 778 mihi
635 750 772 791 operae
809 735 986 790 pretium
1018 733 1173 783 videor,
1197 733 1227 773 si
1248 734 1362 788 prius
1382 733 1580 775 nonnulla
1595 735 1649 775 de

226 810 476 852 HERoDoTo
506 808 669 863 ejusque
699 806 827 855 libris,
860 819 981 860 quam
1012 804 1185 845 instituti
1206 804 1285 844 mei
1308 804 1497 852 rationes,
1520 818 1648 858 expo-

223 891 356 918 suero.
416 875 563 931 Magni
584 875 674 924 viri,
697 875 780 915 Jos.
813 874 1010 929 Scaliger,
1044 873 1144 914 Ger.
1166 872 1228 913 Jo.
1255 872 1434 921 Vossius,
1464 872 1529 912 Jo.
1553 872 1649 912 Alb.

223 945 451 994 Fabricius,
472 953 512 985 et
527 944 743 984 novissime
763 943 828 984 Jo.
852 941 1096 990 Bouherius,
1115 941 1273 982 erudite
1289 956 1337 981 ea
1356 941 1398 981 in
1419 955 1464 981 re
1483 940 1650 981 fuerunt

224 1014 432 1068 occupati3
465 1026 573 1066 saepe
593 1019 730 1051 tamen
761 1008 982 1057 discordes,
1004 1017 1044 1048 et
1072 1023 1371 1063 nonnunquam
1391 1008 1512 1049 etiam
1535 1008 1648 1063 lapsi.

225 1081 401 1137 Seligam
415 1080 510 1120 inde
529 1079 690 1119 veritati
709 1077 889 1117 maxime
909 1075 1123 1126 adsimilia,
1141 1083 1181 1116 et
1201 1075 1330 1117 electa
1349 1076 1590 1117 adfirmabo.

540 1222 574 1263 I.
626 1218 1060 1261 HERODOTI
1110 1218 1314 1259 VITA.

302 1336 508 1377 PATRIAM
542 1330 841 1387 praeclarissimi
885 1329 1093 1384 scriptoris
1140 1329 1480 1371 Halicarnassum
1507 1331 1649 1384 primis

227 1407 359 1448 verbis
382 1405 493 1453 Clio;
525 1403 678 1444 illustre
698 1416 842 1458 genus,
866 1409 906 1441 et
925 1409 1114 1456 parentes
1155 1401 1304 1456 Lyxen
1341 1410 1381 1442 et
1415 1403 1647 1458 Dryonem,

227 1476 389 1525 suidas,
413 1476 436 1498 ³*
459 1482 654 1528 vetusque
696 1472 988 1528 epigramma†
1033 1469 1267 1510 ostendunt.
1327 1470 1448 1512 AEtas
1493 1486 1540 1512 ac
1575 1486 1648 1512 na-

225 1544 316 1585 talis
355 1557 485 1583 annus
519 1540 752 1581 testimonio
789 1537 1020 1592 Pamphilae
1049 1538 1325 1594 cognoscitur,
1353 1542 1377 1590 ss
1397 1538 1648 1592 perhibentis

223 1611 425 1667 principio
473 1608 567 1648 belli
599 1606 934 1661 Peloponnesiaci
979 1620 1108 1646 annos
1142 1605 1261 1646 illum
1282 1606 1471 1647 habuisse
1501 1614 1582 1648 tres
1609 1615 1650 1649 et

222 1678 535 1736 quinquaginta:
566 1676 678 1731 quod
705 1675 857 1716 bellum
885 1674 1146 1730 Olympiadis
1169 1674 1431 1716 LXXXVI.
1449 1690 1558 1716 anno
1589 1692 1651 1718 se·

225 1749 363 1791 cundo
383 1761 478 1788 cum
507 1746 688 1799 coeperit,
725 1745 901 1799 primam
923 1744 1063 1799 utique
1099 1743 1230 1784 lucem
1267 1744 1454 1798 adspexit
1483 1745 1649 1787 ineunte

226 1816 474 1873 Olympiade
515 1813 729 1855 LXXIV.
776 1820 950 1868 quatuor
986 1812 1102 1852 annis
1142 1821 1237 1853 ante
1266 1810 1421 1853 Xerxis
1457 1813 1499 1853 in
1528 1814 1647 1855 Grae-

224 1888 331 1929 ciam
384 1884 702 1939 expeditionem.
798 1881 1033 1922 Educatum
1098 1880 1371 1936 edoctumque
1431 1881 1648 1923 liberaliter

225 1954 360 2003 fuisse,
401 1966 649 2008 quamquam
683 1950 734 1991 de
759 1949 1082 2004 praeceptoribus
1108 1949 1234 1990 altum
1266 1950 1488 2001 silentium,
1527 1951 1648 1992 dubi-

222 2031 309 2064 tare
345 2022 466 2064 nefas.
542 2020 733 2062 Adultior
766 2019 1119 2068 Halicarnassum,
1171 2020 1431 2075 tyrannidem
1479 2020 1646 2077 Lygda-

220 2092 342 2133 midis
362 2106 447 2132 non
476 2091 621 2138 ferens,
653 2089 829 2144 reliquit,
862 2103 983 2144 seque
1010 2089 1052 2128 in
1087 2088 1259 2130 insulam
1297 2091 1467 2130 Samum
1503 2098 1647 2131 contu-

222 2161 284 2210 lit;
315 2160 388 2201 ubi
416 2158 547 2200 Ionici
578 2157 774 2198 sermonis
803 2156 984 2197 Veneres
1014 2156 1225 2211 amplexus
1255 2158 1438 2198 animum
1474 2157 1526 2198 ad
1548 2157 1662 2199 scri-

225 2229 409 2272 bendum
443 2227 616 2282 adpulit,
659 2228 702 2267 in
734 2225 823 2266 foro
857 2234 899 2266 et
933 2226 1084 2267 caussis
1118 2227 1288 2282 agendis
1327 2225 1428 2267 nihil
1477 2227 1647 2268 omnino

225 2306 418 2348 versatus,
441 2304 542 2338 teste
565 2295 778 2337 Cicerone.
800 2299 818 2348 ᾗ

280 2431 392 2471 Ante
421 2429 465 2472 id
504 2436 664 2482 tempus
698 2427 740 2467 in
761 2425 973 2481 publicum
1002 2425 1111 2468 edita
1141 2425 1261 2467 fuisse
1293 2426 1485 2468 Hecataei
1520 2425 1647 2468 Mile-

222 2553 305 2588 Quae
334 2550 372 2581 de
393 2550 520 2581 diversis
541 2548 740 2578 historiarum
763 2547 910 2577 Herodo-
999 2550 1016 2567 ¹²
1036 2548 1078 2578 In
1091 2548 1232 2589 Ἥρέδιτος
1247 2554 1277 2579 et
1295 2549 1450 2582 Πανύασις.

219 2607 243 2637 ti
256 2606 458 2637 Editionibus
487 2603 617 2634 dicenda
639 2608 813 2642 supersunt,
828 2608 859 2631 et
871 2601 911 2631 de
997 2604 1017 2643 †
1037 2602 1078 2632 In
1109 2603 1232 2633 scholiis
1255 2603 1295 2633 ad
1320 2603 1477 2642 Aristoph.
1508 2602 1594 2632 Nub.
1617 2612 1646 2631 v.

221 2659 388 2691 Codicibus
430 2657 662 2696 Manuscriptis‚
709 2655 821 2696 quibus
861 2655 910 2685 vel
960 2658 1033 2686 531.

218 2713 444 2753 VVesselingius
453 2723 528 2743 usus
537 2718 583 2742 est
592 2710 641 2741 vel
650 2710 739 2740 nobis
748 2709 838 2740 licuit
850 2709 907 2745 uti,
995 2712 1009 2750 ξ
1029 2710 1127 2750 Apud
1144 2709 1286 2740 Gellium
1311 2709 1403 2740 Noct.
1440 2708 1537 2739 Attic.
1567 2707 1645 2738 XV.

216 2776 253 2797 ea
267 2766 462 2797 commodius
474 2766 508 2795 in
522 2764 651 2796 introitu
661 2763 786 2793 alterius
800 2762 901 2793 Partis
953 2763 1001 2790 25.

211 2823 305 2862 primi
330 2823 424 2862 hujus
441 2822 542 2856 Tomi,
559 2830 621 2862 qua
640 2819 769 2850 varietas
796 2818 902 2849 lectio·
991 2815 1009 2855 §
1030 2815 1071 2845 In
1085 2815 1164 2847 libro
1179 2815 1229 2847 ΙΙ.
1244 2816 1283 2847 de
1299 2814 1387 2847 Orat.
1412 2824 1438 2846 c.
1456 2816 1504 2845 13.

214 2874 262 2904 nis
286 2874 471 2912 continetur,
489 2873 628 2914 exposita
636 2872 702 2903 fore
716 2869 896 2904 existimavi.
