1763 3116
595 182 864 215 PRAEFATm.
1376 166 1496 213 xxxi

60 332 160 368 esse,
194 329 288 372 quae
326 327 406 370 ope
440 312 593 355 codicis
633 310 945 367 Archiepiscopi
980 310 1199 352 instaurari
1234 317 1402 367 queant:
1434 319 1495 353 est

61 387 172 428 enim
192 386 270 426 isto
290 384 331 425 in
353 397 505 440 genere
519 381 890 437 praestantissimus.
953 380 1035 422 Sed
1051 380 1208 428 maluit,
1227 380 1381 422 indicio
1397 395 1497 422 con-

63 463 199 498 tentus
219 462 259 496 et
288 461 398 502 voto,
430 459 476 493 ut
505 451 650 506 aliquis
681 451 848 499 oriatur,
879 449 945 491 cui
965 449 1098 490 otium
1119 450 1170 490 sit
1190 450 1354 490 uberius
1374 457 1414 491 et
1434 450 1499 490 in-

61 525 229 582 genium
250 522 304 565 ad
319 521 564 565 Herodotea
575 519 883 576 perpurganda,
901 518 1009 560 hanc
1029 519 1116 560 aliis
1131 532 1274 560 curam
1291 518 1466 560 tradere.

121 663 252 705 Ortus
272 668 346 711 est,
368 661 429 702 uti
450 660 518 702 ille
538 666 764 715 optaverat,
782 658 870 700 Jac.
894 658 1155 707 Gronovius,
1178 659 1293 714 cujus
1314 658 1355 699 in
1376 658 1498 700 Grae-

64 747 134 774 cos
162 730 417 786 Latinosque
447 729 665 784 scriptores
691 742 809 769 amor
834 727 1052 784 singularis
1078 734 1120 768 et
1139 727 1342 768 excellens
1363 727 1501 769 erudi-

64 801 124 844 tio
154 801 198 841 in
230 800 466 841 celebritate
501 806 542 839 et
577 797 765 839 omnium
799 811 871 838 ore
913 803 1110 838 versatur:
1144 796 1412 839 Herodotum
1447 795 1502 838 ad

65 868 327 910 membranas
357 866 584 916 Mediceas‚
618 865 766 921 quibus
796 864 898 906 nihil
918 880 994 920 par
1015 873 1086 906 aut
1114 864 1244 906 simile
1273 865 1502 906 arbitraba-

64 947 146 988 tur,
180 936 492 994 diligentissime
524 935 792 976 examinavit:
823 934 1010 989 plurimis
1045 934 1143 975 inde
1178 934 1331 976 vitiosis
1363 934 1499 989 pristi-

62 1021 163 1048 num
183 1006 362 1048 nitorem
383 1013 423 1047 et
453 1005 634 1047 colorem
664 1003 858 1054 reddidit,
890 1004 979 1046 aliis
1008 1004 1321 1060 liquidissimam
1352 1004 1500 1055 lucem,

68 1133 119 1165 leo
133 1133 264 1164 adscribi
288 1133 386 1174 vulgo
405 1132 492 1169 solet,
517 1132 608 1172 cujus
631 1131 700 1161 Viri
714 1136 763 1162 ta·
808 1130 968 1162 Herodoti
988 1130 1142 1170 exemplo,
1166 1131 1257 1172 cujus
1278 1130 1340 1160 oris
1363 1129 1501 1161 Notulas

72 1200 147 1221 men
162 1199 202 1219 ne
218 1199 334 1219 nomen
355 1187 484 1229 quidem
505 1187 539 1217 in
558 1188 661 1218 fronte
675 1197 760 1218 com·
805 1183 876 1214 illas
887 1185 963 1215 olim
981 1185 1197 1224 adscripserat)
1222 1185 1256 1214 in
1272 1184 1390 1214 calcem
1404 1184 1501 1225 hujus

68 1249 164 1285 paret,
206 1242 333 1273 nonnisi
368 1241 487 1280 privato
523 1240 763 1279 bibliopolarum

62 1298 199 1332 consilio
234 1296 297 1328 fuit
332 1302 490 1336 suscepta;
536 1295 649 1337 quibus
686 1295 764 1325 nihil

67 1351 156 1383 aliud
169 1351 272 1382 fuerat
287 1350 491 1390 propositum,
508 1349 568 1379 nisi
581 1356 619 1380 ut
633 1351 764 1380 verbum

69 1407 110 1438 de
146 1407 248 1442 verbo,
297 1405 451 1447 quidquid
490 1405 765 1446 Jungermaniana

69 1460 250 1492 continebat
279 1459 381 1495 editio,
413 1465 618 1499 repeteretur:
669 1459 764 1501 idque

70 1513 239 1546 consilium
260 1513 307 1544 illi
321 1513 454 1544 fideliter
472 1514 609 1555 quidem,
627 1515 681 1545 sed
696 1521 762 1546 tam

67 1568 187 1599 invidio
207 1568 380 1609 iniquoque
401 1569 436 1598 in
461 1568 673 1610 Jungermani
694 1579 760 1598 me-

69 1623 204 1654 moriam
226 1623 341 1659 animo,
367 1628 496 1664 tamque
520 1623 626 1663 inepte
651 1622 763 1653 callida

72 1677 192 1708 ratione
214 1677 352 1708 exsecuti
373 1683 456 1713 sunt,
480 1683 518 1708 ut
539 1677 646 1708 necin
663 1676 764 1716 operis

69 1731 174 1768 titulo,
197 1741 257 1762 nec
278 1741 414 1772 usquam
437 1731 518 1766 alibi,
543 1742 584 1762 ne
605 1733 639 1761 in
662 1731 765 1761 fronte

75 1783 274 1814 Praefationis
295 1782 432 1824 quidem,
455 1793 526 1824 quae
540 1788 607 1813 tota
628 1782 766 1822 Junger-

74 1839 162 1869 mani
178 1843 232 1874 est,
249 1847 365 1868 nomen
387 1837 499 1877 optimi
523 1836 591 1867 Viri
606 1836 769 1868 ediderint.

73 1893 212 1934 Jamque
235 1892 350 1930 omnia,
377 1892 443 1923 una
466 1902 541 1923 cum
565 1892 633 1932 ipso
658 1891 768 1922 Indice

71 1947 292 1989 Jungermani‚
310 1946 391 1988 typis
413 1953 502 1977 erant
517 1957 642 1982 excusa,
665 1956 766 1987 quum

73 2002 239 2034 commode
254 2012 287 2033 se
308 2002 446 2033 facturos
463 2001 649 2043 judicarunt
670 2000 767 2031 iidem

74 2057 226 2093 homines
250 2057 276 2088 si
294 2055 474 2088 Corollariis
499 2056 611 2087 saltem
635 2056 766 2097 quibus-

73 2114 148 2145 dam
162 2124 252 2145 suam
284 2119 438 2155 augerent
461 2112 655 2144 Editionem.
699 2112 765 2143 Ita-

74 2178 138 2209 que
153 2175 184 2199 et
200 2168 447 2209 Chronologiam
469 2167 640 2210 quamdam
660 2167 764 2198 Hero-

76 2224 143 2257 doti
158 2223 263 2254 nescio
277 2234 296 2254 a
310 2233 373 2265 quo
396 2223 463 2254 viro
485 2222 579 2253 docto
601 2221 768 2253 conficien-

74 2280 150 2311 dam
175 2285 333 2316 curarunt,
364 2286 396 2309 et
422 2279 555 2310 Thomae
584 2277 665 2309 Gale
692 2278 769 2308 Viro

75 2334 179 2366 multa
194 2333 336 2365 doctrina
349 2334 519 2374 conspicuo
537 2339 767 2373 persuaserunt,

74 2396 114 2422 ut
128 2396 160 2421 et
173 2390 239 2431 ipse
255 2389 295 2420 de
309 2400 368 2420 suo
382 2389 502 2431 aliquid
515 2390 671 2431 adjiceret.
709 2390 769 2421 Ille

77 2444 176 2486 igitur
197 2450 229 2475 et
246 2443 443 2476 Glossarium
464 2451 561 2480 vetus,
586 2445 672 2486 quod
687 2445 771 2477 Jun-

79 2509 250 2542 germanus
276 2508 294 2528 e
317 2497 460 2528 Goldasti
480 2497 600 2529 schedis
624 2498 771 2535 ediderat,

77 2553 188 2584 multis
202 2563 241 2583 ex
265 2551 438 2592 Hesychio,
465 2551 570 2586 Suida,
595 2558 626 2583 et
650 2551 771 2593 Grego-

78 2605 125 2635 rio
153 2603 317 2635 Corinthio
346 2603 451 2634 ductis
474 2602 595 2634 Glossis
623 2604 719 2639 auxit,
744 2611 775 2635 et

81 2659 251 2689 Variantes
271 2657 342 2689 illas
365 2658 540 2689 Lectiones.
566 2657 776 2698 Wesselingio

80 2718 278 2749 memoratas,
306 2718 338 2743 et
374 2713 476 2744 Notas
502 2714 610 2744 breves
636 2712 676 2743 ad
704 2712 774 2742 He·

81 2766 237 2803 rodotum,
264 2777 336 2798 vere
365 2768 435 2798 κατ’
462 2765 621 2811 ἐπιδρομὴν,
646 2772 683 2798 ut
707 2766 773 2806 ipse

79 2823 259 2866 profitetur,
278 2834 315 2855 ex
335 2823 502 2856 Herodoto
524 2834 582 2856 suo
595 2823 643 2868 (id
662 2829 716 2860 est,
734 2833 772 2855 ex

810 1238 969 1269 Editionis
990 1239 1173 1270 transfudit:
1200 1245 1293 1280 atquo
1316 1240 1383 1269 haec
1399 1238 1500 1269 corol-

807 1292 884 1324 laria
899 1295 1019 1337 reliquo
1034 1296 1118 1336 operi
1137 1298 1204 1338 jam
1221 1297 1365 1327 absoluto
1387 1296 1431 1326 ita
1446 1294 1501 1325 ad-

802 1349 887 1389 jecta
910 1356 993 1383 sunt,
1015 1357 1051 1381 ut
1073 1351 1214 1389 proxime
1240 1356 1313 1381 ante
1347 1349 1502 1388 lndicem,

807 1404 862 1444 qui
872 1405 939 1445 jam
956 1412 986 1436 et
1001 1406 1066 1445 ipse
1089 1405 1257 1445 impressus
1273 1412 1348 1436 erat.
1366 1404 1503 1435 colloca-

806 1465 920 1490 rentur.
980 1460 1128 1501 Denique
1150 1470 1251 1500 quum
1273 1459 1358 1490 idem
1383 1459 1503 1490 Galeus

806 1514 985 1554 persuaderi
1001 1515 1058 1545 sibi
1073 1525 1182 1554 passus
1197 1520 1288 1551 esset,
1309 1520 1347 1545 ut
1364 1514 1504 1545 Dedica-

808 1568 891 1598 tione
906 1568 947 1598 ad
964 1568 1166 1598 :Jancrostum
1180 1569 1302 1608 scripta,
1323 1568 1502 1608 Archiepis·

806 1635 923 1664 copum
949 1625 1217 1661 Cantuariensem‚
1243 1625 1334 1665 cujus
1356 1636 1373 1655 e
1397 1631 1501 1657 vetere

808 1680 915 1711 codice
931 1679 1030 1710 MSto
1053 1681 1219 1720 praecipuae
1236 1680 1402 1710 Variantes
1419 1680 1500 1711 Lec-

808 1735 910 1766 tiones
938 1734 1041 1777 ductae
1078 1740 1174 1767 erant,
1214 1733 1385 1765 editionem
1421 1735 1502 1764 hanc

813 1788 1049 1821 commendaret
1075 1788 1264 1826 emtoribus;
1301 1789 1412 1819 eadem
1437 1788 1503 1820 Ga-

811 1843 852 1874 lei
866 1843 1029 1879 dedicatio,
1045 1841 1166 1884 abjecte
1178 1842 1202 1874 J
1203 1841 1391 1883 ungermani
1411 1841 1502 1881 Epis-

810 1897 876 1929 tola
889 1896 1088 1933 dedicaton'a,
1104 1897 1137 1926 in
1158 1896 1244 1927 illius
1265 1896 1373 1926 locum
1388 1896 1502 1926 suffec-

810 1957 843 1983 ta
867 1958 928 1983 est:
955 1962 1019 1993 quo
1041 1951 1168 1984 factum,
1194 1956 1232 1981 ut
1255 1951 1337 1980 hanc
1362 1949 1504 1990 proxime

810 2008 968 2048 excipiens
995 2007 1145 2038 Praefatio
1166 2005 1207 2037 ad
1231 2005 1406 2041 Lectorem‚
1433 2016 1504 2047 quae

809 2070 926 2091 nomen
954 2060 1114 2100 praefantis
1144 2069 1202 2090 nec
1228 2058 1415 2098 inscriptum
1445 2068 1504 2089 nec

809 2115 1018 2154 subscriptum
1033 2115 1133 2150 habet,
1158 2124 1228 2144 eam
1243 2112 1379 2153 speciem
1393 2113 1507 2153 praefe-

811 2175 866 2206 rat,
884 2169 973 2210 quasi
987 2168 1072 2200 idem
1089 2169 1228 2200 Thomas
1246 2168 1329 2199 Gale
1344 2178 1414 2199 eam
1428 2178 1505 2199 con-

811 2226 999 2267 scripsisset:
1042 2235 1150 2266 quum,
1182 2234 1292 2256 verum
1326 2224 1352 2255 si
1381 2224 1504 2266 quaeris.

811 2287 878 2312 tota
922 2279 1135 2322 Jungermani
1174 2279 1222 2310 sit.
1282 2280 1398 2310 Breves
1434 2279 1505 2310 illas

811 2347 889 2383 quas
918 2333 1063 2367 diximusss
1090 2334 1182 2366 Galei
1210 2334 1319 2370 Notas,
1348 2339 1505 2375 quatenus

813 2401 831 2421 e
855 2390 923 2423 cod.
950 2392 1044 2422 Arch.
1059 2390 1163 2422 ductae
1185 2395 1268 2425 sunt,
1280 2396 1352 2429 post
1375 2390 1506 2421 certiora

815 2459 854 2480 ex
882 2449 994 2480 eodem
1036 2447 1154 2479 Codice
1194 2447 1360 2486 Excerpta,
1391 2446 1508 2488 quibus

817 2504 1045 2543 Wesselingius
1067 2514 1144 2534 usus
1167 2509 1220 2539 est,
1239 2502 1283 2532 nil
1297 2513 1378 2542 opus
1396 2502 1459 2533 fuit
1473 2502 1507 2532 in

816 2559 875 2589 hac
890 2564 996 2589 nostra
1008 2556 1165 2588 Herodoti
1179 2556 1316 2587 editione
1331 2557 1461 2586 verbum
1467 2556 1507 2586 de

817 2615 911 2644 verbo
932 2618 1090 2653 repetere3
1111 2611 1231 2652 reliqua
1251 2610 1365 2651 partim
1398 2610 1507 2641 Varie-

818 2665 874 2695 tati
902 2663 1069 2699 Lectionis,
1098 2663 1217 2703 partim!
1250 2662 1348 2693 sicubi
1365 2670 1506 2692 commo·

819 2716 897 2747 dum
923 2716 1022 2747 visum
1050 2722 1123 2752 erat,
1142 2714 1410 2747 Adnotationibus
1434 2721 1506 2744 nos-

816 2769 872 2801 tris
884 2769 1000 2801 inserta
1010 2773 1094 2800 sunt.
1119 2767 1165 2811 8,]
