1763 3116
663 169 827 201 PRAEFA
836 172 933 203 TIO.
1456 165 1538 210 xxi

112 304 259 346 gerrae,
291 290 476 345 pluribus
496 290 593 331 olim
613 299 654 332 et
665 294 801 333 -nostri
821 296 897 335 aevi
919 295 1154 339 hominibus
1184 300 1321 341 abesse
1342 300 1447 342 visus
1468 310 1539 344 est.

114 359 339 414 Scripserat
379 359 463 400 AEl.
503 359 820 414 Harpocratio*
852 369 922 417 mg}
949 368 1005 403 τοῦ
1033 368 1261 415 κατεψεῦσθαι
1290 370 1344 412 τὴν
1370 370 1542 422 Ἠςοόότου

110 429 272 482 ‘Ian-ogiam
325 427 439 475 Quid
463 429 670 483 carpserit,
697 437 736 469 et
764 429 909 484 quibus
930 430 973 470 in
1004 430 1123 471 rebus
1143 431 1369 473 fabulosam
1384 433 1543 488 judica-

108 496 222 545 verit,
258 496 483 552 ignoratur.
535 496 586 538 Id
618 498 819 548 novimus,
852 499 894 539 in
927 499 1138 541 rhetorum
1170 500 1266 540 olim
1299 516 1372 541 usu
1407 501 1540 550 fuisse,

110 579 204 605 cum
235 564 332 606 clari
353 566 530 606 nominis
559 565 710 607 famam
736 568 1060 622 aucupabantur,
1093 568 1266 609 aliorum
1288 569 1440 610 meritis
1471 570 1540 611 de-

104 632 280 674 trahere:
303 635 414 690 quod
431 649 480 675 eo
499 649 584 676 non
600 635 764 686 dicitur,
784 644 830 677 ut
845 636 897 677 de
914 636 1249 691 Harpocratione
1263 637 1534 681 adseveretur.

105 700 216 742 Fieri
236 704 385 756 potuit,
414 712 459 745 ut
479 704 532 745 ad
553 704 764 754 nonnulla,
790 720 883 760 quae
903 707 989 747 veri
1009 706 1134 748 fidem
1156 707 1400 749 videbantur
1420 723 1538 750 exce-

104 768 216 820 dere,
254 772 481 813 offenderit.
543 772 700 814 Multos
731 774 774 814 in
803 774 1055 815 consimilem
1079 774 1265 817 fraudem
1292 775 1450 816 fabellae
1477 777 1539 817 in-

104 838 294 890 duerunt,
327 840 460 882 Musis
481 855 763 895 saepenumero
783 842 963 891 innexae,
996 842 1142 898 quibus
1162 844 1336 898 scriptor
1357 843 1443 898 ipse
1465 844 1536 885 ad·

102 921 263 948 sensum
295 910 474 966 negavit,
511 909 656 950 crebro
691 910 926 960 obtestatus,
975 917 1056 964 se†
1074 917 1159 965 ἀκοῇ
1176 914 1294 965 λέγειν,
1322 911 1448 952 fando
1473 929 1539 954 ac-

101 985 219 1031 cepta
245 977 408 1027 referre,
441 992 573 1032 neque
599 979 739 1019 omnia
768 978 843 1019 sibi
864 984 967 1019 πιστὰ
986 978 1137 1019 videri:
1170 978 1297 1017 immo
1326 976 1434 1018 hanc
1463 978 1537 1019 sibi

99 1044 231 1101 legem
264 1046 426 1096 dixisse,
457 1054 503 1087 ut
538 1047 678 1088 audita
710 1056 885 1097 enarret,
918 1062 1050 1102 neque
1082 1048 1239 1088 cunctis
1266 1045 1535 1100 adstipuletur

99 1120 250 1162 tamen,
268 1122 391 1169 atque
405 1113 484 1155 hoc
501 1114 746 1155 inculcatum
764 1115 954 1155 omnibus
970 1129 1119 1169 cupere
1134 1115 1366 1156 lectoribus.
1403 1119 1537 1169 'Eycbfp

99 1183 130 1219 δὲ
150 1184 271 1232 ὀφείλω
290 1183 396 1233 λέγειν
414 1185 459 1219 τὰ
479 1185 657 1233 λεγόμενα,
683 1185 841 1220 πείθεσθαι
856 1184 914 1228 μὲν
933 1183 966 1219 οὗ
984 1185 1065 1219 πᾶσι
1085 1185 1218 1229 ὀφείλω·
1239 1187 1302 1219 καί
1315 1199 1371 1229 μοι
1390 1186 1484 1221 τοῦτο
1501 1187 1537 1222 τὸ

97 1246 171 1295 ἔπος
190 1253 297 1303 ἐχέτω
311 1254 343 1295 ἐς
361 1255 474 1289 πάντα
494 1254 543 1289 τὸν
561 1254 670 1302 λόγον.
721 1247 849 1295 Quod
870 1247 954 1301 ejus
975 1247 1180 1287 monitum
1201 1248 1233 1287 si
1254 1247 1535 1289 criminatores

96 1315 334 1358 habuissent
354 1317 396 1357 in
423 1325 603 1371 promtu,
636 1317 692 1357 uti
725 1317 895 1372 aequtias
916 1315 1162 1370 postulabat,
1197 1317 1366 1357 taxandi
1390 1318 1532 1373 utique

96 1386 267 1427 modum
288 1386 486 1436 fecissent,
509 1386 743 1427 debuissent
762 1385 958 1440 profecto.
1000 1385 1151 1426 Acrior
1171 1393 1323 1435 tamen,
1345 1387 1429 1441 ejus
1449 1401 1535 1427 non

95 1455 277 1512 ignarus,
309 1455 530 1496 insurrexit
558 1454 816 1503 Plutarchus,
849 1454 910 1494 vir
930 1453 1153 1495 excellente
1174 1453 1419 1504 eruditione,
1447 1470 1533 1496 non

95 1524 197 1574 falsi,
213 1524 282 1565 sed
298 1533 338 1565 et
354 1523 615 1579 malignitatis
636 1531 651 1575 ΙΙ
674 1522 942 1563 Herodotum
958 1522 1226 1564 traducendo.
1270 1524 1396 1565 Actio
1411 1523 1533 1566 docta

96 1601 168 1642 est,
205 1607 347 1633 verum
383 1591 555 1632 mirifice
590 1590 787 1640 colorata,
828 1590 1048 1644 saepissime
1080 1590 1215 1640 fallaX,
1268 1599 1309 1632 et
1341 1593 1530 1633 arcessita

94 1660 213 1711 adeo,
236 1668 282 1701 ut
303 1660 481 1715 culpam,
504 1675 584 1715 qua
604 1659 716 1699 illum
737 1658 866 1697 nimio
886 1658 1031 1712 patriae
1053 1658 1188 1699 studio
1202 1673 1374 1699 onerare
1393 1659 1530 1715 gestit,

94 1731 181 1786 ipse
216 1732 424 1771 sustineat.
475 1728 620 1770 Joach.
654 1727 914 1769 Camerarius
947 1735 986 1766 et
1021 1726 1081 1767 H.
1116 1726 1348 1782 Stephanus
1374 1726 1419 1767 id
1445 1742 1530 1768 non

95 1799 414 1849 dissimularunt,
449 1813 581 1853 neque
612 1812 687 1838 nos
717 1810 861 1838 eorum
891 1795 1095 1850 exemplo,
1127 1795 1204 1837 illis
1230 1796 1457 1851 praesertim
1488 1797 1530 1837 in

95 1868 231 1920 rebus,
252 1882 346 1924 quae
366 1867 705 1924 suggillabantur.

150 2008 290 2064 Atque
310 2007 377 2048 hic
397 2006 585 2049 laudibus
600 2006 705 2048 ferre
725 2006 856 2047 debeo
875 2004 1099 2052 doctissimi
1136 2005 1310 2046 Abbatis
1338 2005 1528 2047 Geinozii

94 2077 137 2118 in
156 2077 343 2118 vindiciis
355 2085 396 2118 et
415 2077 650 2118 defensione
672 2075 883 2117 Herodoti
903 2075 956 2115 ab
971 2074 1296 2116 accusationibus
1315 2074 1525 2116 Plutarchi

95 2153 134 2187 et
161 2146 335 2187 aliorum
365 2146 560 2196 studium,
596 2146 710 2200 cujus
738 2151 898 2200 partem
930 2143 1048 2184 nobis
1080 2143 1317 2184 Academiae
1347 2143 1526 2197 Inscrip-

94 2214 252 2254 tionum
271 2215 376 2255 Acta
398 2215 586 2268 sistunt.§
637 2213 733 2254 Fuit
763 2211 1022 2261 Herodotus,
1043 2211 1144 2252 vitio
1164 2210 1335 2252 humani
1356 2210 1524 2266 ingenii,

95 2282 298 2323 obnoxius
344 2283 550 2325 erroribus
558 2301 570 2333 3
619 2283 753 2337 lapsus
784 2282 870 2322 veri
901 2280 1140 2337 ignorantia
1174 2280 1285 2321 haud
1321 2295 1415 2320 raro
1451 2287 1523 2331 est,

94 2352 241 2406 saepius
256 2352 378 2392 etiam
399 2352 451 2393 ab
466 2352 553 2393 aliis
572 2351 777 2406 deceptus.
827 2349 1045 2399 Manetho,
1067 2348 1266 2390 referente
1285 2347 1482 2403 Josepho,
1496 2351 1526 2395 ἿῘ

86 2421 315 2476 jactitabat,
340 2420 606 2463 Herodotum
626 2426 744 2462 πολλὰ
758 2424 819 2460 τῶν
839 2422 1077 2474 Αἰγυπτιακῶν
1090 2421 1142 2458 ὑπ’
1164 2423 1301 2472 ἀγνοίας
1319 2421 1524 2470 ἐψευσμένον,

93 2490 137 2530 in
172 2490 293 2531 rebus
329 2489 538 2546 AEgyptiis
573 2498 742 2546 propter
777 2489 1052 2545 ignorantiam
1088 2486 1269 2528 crebrius
1300 2485 1526 2527 aberrasse:

139 2617 155 2632 ἢ*
177 2614 288 2646 Suidas
302 2616 335 2645 in
351 2617 574 2659 ‘Agwongaerfwm
877 2616 889 2655 ΙΙ
922 2614 973 2644 De
1010 2610 1211 2652 Malignitate
1234 2608 1399 2645 Herodoti,
1439 2608 1526 2648 Ope-

136 2668 156 2707 †
174 2666 256 2696 Vide
271 2667 321 2697 lib.
337 2667 386 2698 II.
402 2672 452 2700 29.
464 2677 496 2699 et
509 2679 574 2709 cap.
591 2672 657 2702 121,
675 2671 703 2700 5.
716 2668 785 2699 111·
832 2678 903 2698 rum
918 2668 956 2698 T.
973 2666 1021 2696 ΙΙ.
1035 2677 1065 2705 p.
1081 2668 1153 2696 855.
1168 2671 1226 2695 etc.

98 2721 166 2749 116.
184 2717 245 2747 IV.
262 2722 289 2748 5.
308 2721 358 2750 25.
372 2726 428 2750 etc.
873 2724 893 2763 ᾗ
924 2721 1016 2751 Tom.
1041 2719 1144 2749 XIX.
1168 2718 1254 2748 Edit.
1278 2717 1374 2748 Paris.
1396 2727 1426 2757 p.
1454 2719 1522 2747 115.

140 2771 153 2809 ἐς
174 2770 215 2800 In
230 2769 283 2801 lib.
298 2771 381 2802 VII.
401 2777 469 2804 152.
876 2779 896 2815 'ff
915 2774 984 2806 Lib.
999 2774 1026 2804 I.
1040 2779 1138 2804 contr.
1155 2772 1271 2812 Apion.
1287 2781 1312 2802 c.
1330 2775 1378 2802 14.
