1819 3121
90 864 223 906 AEgypti

90 909 166 941 Nilo
180 909 274 938 inun-

87 955 168 984 datae
183 950 276 981 facies

86 1004 117 1028 et
133 995 218 1024 navi-

87 1038 183 1081 gatio.

0 1453 19 1494 k
42 1450 113 1492 hu-
128 1450 267 1490 mum(

0 1677 288 1736 ‚auch-ajam»,

97 1790 124 1818 A
129 1787 248 1827 nthylla

97 1834 170 1862 urbs
185 1838 215 1860 et

94 1876 122 1904 A
128 1874 279 1904 reba-ndro
285 1894 294 1899 -

92 1919 179 1958 polis.

97 2460 222 2495 Menes,
242 2460 299 2490 AE-

21 2520 30 2529 ⁴
100 2505 190 2544 gypti
204 2513 259 2532 rex

0 2542 72 2594 “³²⁴3
99 2546 229 2585 primus,
247 2547 286 2576 ab

100 2599 127 2618 a.
143 2592 226 2619 2255
243 2588 282 2618 ad

0 2635 199 2697 ιρὄὲἳψρι
221 2642 294 2662 con-

22 2674 181 2734 m-dldlt
199 2675 302 2704 Mem-

102 2716 188 2756 phin,
206 2723 236 2747 et
251 2718 284 2746 in

315 194 406 234 IM
720 173 1197 225 HERODOTI

310 316 423 380 μένην
446 313 578 375 κάλῳ,
601 310 810 374 ἔμπροσθε
833 312 907 355 τοῦ
930 307 1076 354 πλοίου
1101 305 1212 353 ἀπίει
1237 303 1514 368 ἐπιφέρεσθαι,
1533 302 1600 350 τὸν
1623 302 1664 350 δὲ

310 395 429 440 λιθον
463 390 582 451 οἵλλῳ
615 389 734 449 κάλῳ
768 385 932 433 ὄπισθε.
968 386 990 438 ἡ
1023 382 1093 446 μὲν
1129 382 1174 436 δὴ
1208 382 1325 446 θύρη,
1360 385 1435 428 τοῦ
1468 379 1557 445 ῥόου
1592 381 1664 443 έμ-

312 468 546 521 πίπτοντος,
597 463 732 528 χωρέει
782 461 957 522 ταχέως,
999 458 1074 506 καὶ
1107 458 1215 505 ἕλκει
1250 457 1318 512 τὴν
1352 458 1483 522 βάριν·
1518 459 1664 521 (τοῦτο

313 543 395 608 γοὶρ
429 543 475 598 δὴ
511 542 664 604 οὔνομά
698 542 782 587 ἐστι
816 543 918 586 τοῖσι
953 537 1129 583 πλοίοισι
1163 535 1383 596 τούτοισι·)
1422 535 1443 581 ὁ
1478 534 1517 582 δὲ
1539 534 1667 588 λίθος
1691 541 1755 579 20

313 622 481 669 ὄπισθεν
533 618 810 681 ἐπελκόμενος,
858 614 935 662 καὶ
985 613 1051 661 ἐῶν
1086 614 1120 659 έν
1156 615 1316 675 βυσσῷ,
1351 612 1563 660 κατιθύνει
1599 609 1668 658 τδν

313 698 448 746 πλόον.
484 697 568 743 ἐ’στι
610 695 649 742 δέ
687 706 757 752 σφι
800 691 858 739 τοὶ
882 697 1010 738 πλοῖα
1043 695 1187 737 ταῦτα
1221 690 1381 743 πλῆθεϊ
1401 687 1558 745 πολλοὶ,
1592 687 1668 736 καὶ

314 774 408 835 οἵγει
435 774 517 821 ἐ’νια
541 769 706 824 πολλοὶς
729 769 927 830 χιλιάδας
963 768 1190 814 ταλάντων.

380 865 535 897 XCVII.
578 845 738 895 Ἐπεοὶν
773 845 813 893 δὲ
848 844 1007 907 ἐπέλθῃ
1048 843 1069 889 ὁ
1114 842 1268 895 Νεῖλος
1317 840 1386 895 τὴν
1435 842 1576 904 χώρην,
1626 841 1677 887 αἱ

315 927 435 980 πόλις
474 930 622 989 μοῦναι
671 923 881 983 φαίνονται
917 921 1200 985 ὑπερέχουσαι,
1235 919 1430 981 μάλιστά
1464 938 1515 972 κη
1550 919 1670 981 ἐμφε-

312 1004 391 1068 ρέες
436 1006 528 1067 τῇσι
582 1003 616 1049 έν
667 1003 725 1063 τῷ
768 998 941 1061 Αἰγαίῳ
977 998 1110 1060 πόντῳ
1145 997 1300 1050 νησοισι.
1356 993 1414 1042 τοὶ
1466 994 1538 1058 μὲν
1586 993 1669 1058 γοὶρ

315 1080 433 1127 ἄλλα
456 1082 528 1132 τῆς
552 1077 796 1137 Αἰγύπτου,
830 1075 1018 1134 πέλαγος
1053 1073 1225 1133 γίνεται·
1263 1073 1314 1118 αἱ
1343 1070 1382 1118 δὲ
1417 1070 1536 1123 πόλις
1570 1075 1671 1133 μοῦ-

314 1176 377 1203 ναι
431 1155 683 1219 ὑπερέχουσι.
721 1151 1026 1216 πορθμεύονται
1079 1149 1140 1205 ὧν,
1176 1146 1297 1196 ἐπεοὶν
1331 1151 1454 1195 τοῦτο
1488 1147 1669 1208 γένηται,
1728 1154 1757 1192 5

314 1233 448 1281 οὐκέτι
482 1231 601 1279 κατοὶ
635 1230 693 1277 τοὶ
728 1228 870 1293 ῥέεθρα
903 1232 979 1275 τοῦ
1032 1231 1244 1289 ποταμοῦ,
1290 1224 1408 1272 ἀλλὰ
1444 1222 1513 1272 διοὶ
1547 1224 1673 1287 μέσου

314 1314 389 1358 τοῦ
423 1309 577 1356 πεδίου.
615 1309 652 1360 ές
685 1306 756 1370 μέν
791 1323 840 1365 γε
878 1304 1051 1368 Μέμφιν
1086 1305 1133 1351 έκ
1171 1303 1444 1366 Ναυκράτιος
1477 1302 1673 1349 ἀναπλώ-

315 1404 410 1440 οντι,
446 1385 540 1448 παρ’
571 1381 706 1436 αὐτοὶς
729 1379 808 1434 τοὶς
830 1381 1072 1445 πυραμίδας
1094 1380 1249 1440 γίνεται
1276 1378 1297 1425 ὁ
1326 1377 1468 1431 πλόος·
1511 1377 1595 1424 ἐ’στι
1634 1375 1674 1423 δὲ

317 1463 391 1508 οὐκ
426 1459 556 1515 οὗτος,
593 1457 710 1506 ἀλλὰ
733 1456 850 1522 παροὶ
873 1457 923 1505 τὸ
946 1457 1014 1512 ὂξι)
1037 1461 1111 1503 τοῦ
1140 1456 1309 1511 Δέλτα,
1337 1454 1414 1500 καὶ
1434 1452 1550 1518 παροὶ
1578 1456 1676 1516 Κερ-

316 1538 492 1599 κάσωρον
517 1535 649 1581 πόλιν.
680 1535 717 1586 ές
737 1533 776 1579 δὲ
802 1533 1052 1596 Ναύκρατιν
1076 1531 1163 1579 ἀπὸ
1186 1532 1408 1584 θαλάσσης
1430 1529 1507 1577 καὶ
1533 1531 1675 1577 Κανά·
1706 1536 1765 1575 10

319 1611 391 1659 ζου
417 1609 486 1657 δια
510 1610 648 1657 πεδίου
674 1608 815 1664 πλέων,
850 1608 953 1663 ἥξεις
974 1608 1073 1655 κατ’
1097 1608 1351 1655 ”Ανθυλλάν
1376 1626 1419 1654 τε
1443 1606 1576 1662 πόλιν,
1600 1605 1678 1653 καὶ

321 1688 389 1743 την
412 1687 676 1752 Ἀρχάνδρου
703 1684 963 1748 καλευμένην.

389 1780 565 1811 XCVIH.
605 1762 791 1809 Τουτέων
832 1761 872 1808 δὲ
912 1762 935 1815 ἡ
975 1759 1046 1823 μὲν
1084 1761 1333 1815 ”Ανθυλλα,
1375 1760 1496 1806 ἐοῦσα
1519 1759 1677 1822 λογίμη

322 1842 454 1897 πόλις,
481 1842 518 1894 ές
542 1839 798 1901 ὑποδηματα
822 1837 1018 1901 ἐξαίρετος
1058 1836 1217 1883 δίδοται
1243 1840 1317 1883 τοῦ
1341 1834 1419 1882 αιέὶ
1441 1835 1679 1898 βασιλεύον-

323 1939 392 1972 τος
428 1917 657 1977 Αἰγύπτου
680 1919 733 1978 τῇ
756 1914 937 1975 γυναικί.
1006 1917 1128 1959 τοῦτο
1157 1912 1197 1960 δὲ
1221 1912 1391 1974 γίνεται,
1416 1913 1455 1967 ἐξ
1479 1910 1572 1958 ὅσου
1597 1910 1679 1958 ὑπὸ

325 1994 507 2059 Πέρσῃσί
535 1994 618 2040 ἐστι
646 1996 884 2052 Αἴγυπτος.
953 1992 977 2045 ἦ
1017 1990 1049 2037 δ’
1079 1990 1185 2055 ἑτέρη
1228 1989 1347 2042 πόλις
1371 1989 1493 2036 δοκέει
1517 2008 1588 2052 μοι
1629 1987 1698 2035 τὸ·

324 2071 478 2134 οὔνομα
502 2070 603 2130 ἐ’χειν
643 2067 729 2115 ἀπὸ
763 2072 839 2116 τοῦ
865 2067 1043 2114 Δαναοῦ
1067 2064 1276 2131 γαμὲροῦ,
1310 2066 1571 2130 Ἀρχάνδρου
1604 2069 1679 2112 τοῦ
1735 2072 1763 2111 5

326 2148 487 2203 Φθίου,
521 2151 596 2194 τοῦ
633 2147 842 2206 Ἀχαιοῦ·
875 2144 1073 2192 καλέεται
1109 2141 1190 2208 γοὶρ
1225 2143 1271 2197 δὴ
1310 2142 1572 2207 Ἀρχάνδρου
1604 2141 1679 2188 πό-

324 2234 402 2278 λις.
473 2228 526 2278 εἴη
551 2222 582 2270 δ’
611 2222 658 2270 ἂν
681 2222 757 2270 καὶ
774 2222 904 2275 οἵλλος
926 2241 989 2275 τις
1009 2221 1278 2285 ”Αρχανδρος’
1300 2221 1345 2266 οὐ
1370 2220 1504 2283 μέντοι
1524 2238 1571 2280 γε
1598 2220 1678 2266 Αί-

327 2301 500 2362 γύπτιον
523 2299 571 2348 τό
596 2300 765 2363 οὕνομα.

372 2462 509 2493 XCIX.
529 2444 748 2492 ME'XPI
766 2442 838 2507 μὲν
861 2442 1022 2498 τούτου,
1043 2441 1143 2502 ὄψις
1165 2461 1208 2488 τε
1228 2441 1317 2504 έμη,
1333 2440 1407 2488 καὶ
1431 2442 1583 2504 γνώμη,
1601 2440 1678 2488 καὶ

328 2523 474 2586 ἱστορίη
498 2526 640 2569 ταῦτα
663 2520 846 2581 λέγουσά
869 2520 965 2566 ἐστι.
1001 2517 1048 2566 τὸ
1082 2518 1122 2565 δὲ
1145 2517 1232 2565 ἀπό
1255 2518 1387 2573 τοῦδε,
1414 2517 1679 2577 Αἰγυπτίους

330 2597 500 2661 ἔρχομαι
523 2598 674 2659 λόγους
698 2597 816 2662 ἐρέων,
851 2594 970 2643 κατοὶ
1004 2594 1060 2642 τοὶ
1095 2595 1248 2648 ἤκουον.
1284 2593 1502 2658 προσέσται
1539 2592 1578 2640 δὲ
1602 2594 1677 2640 αὐ-

329 2676 437 2721 τοῖσί
455 2695 493 2722 τι
517 2675 593 2722 καὶ
615 2679 685 2729 τῆς
709 2676 807 2738 ἐμῆς
825 2672 960 2733 ὄψιος.
1031 2671 1113 2720 Τόν
1157 2673 1399 2727 ΜΗ”ΝΑ,
1439 2669 1506 2718 τὸν
1529 2675 1680 2734 πρῶτον

0 2751 55 2781 *²³*
101 2770 138 2789 ea
149 2760 305 2799 templum
329 2751 642 2814 βασιλεύσαντα
668 2750 910 2811 Αἰγύπτου,
946 2751 986 2796 οἱ
1006 2749 1097 2813 ἱρέες
1120 2748 1270 2809 ἔλεγον,
1302 2752 1424 2795 τοῦτο
1463 2747 1548 2810 μὲν,
1573 2748 1678 2793 ἀπο-
1735 2755 1764 2792 5

104 2802 250 2833 Vulcani.

993 2832 1012 2859 5
