1763 3116
655 193 921 229 PRAEFA'rxo.
1352 170 1507 218 xxxiii

79 312 204 355 editio
237 311 434 361 adfertur,
477 310 670 353 Glascuae
712 319 772 353 tot
811 309 1038 352 minoribus
1078 304 1368 352 voluminibus,
1405 308 1506 356 quot

86 380 223 423 Musae
244 388 472 428 censentur,
505 379 647 421 formis
682 380 887 435 descripta
919 392 1029 420 anno
1050 388 1254 417 MDchxi.
1297 370 1505 414 Gronovi-

76 464 213 500 anam,
236 449 407 491 desectis
429 457 566 490 tamen
588 448 953 498 Adnotationibus‚
982 445 1194 487 aemulans.

131 598 200 640 De
219 612 310 639 mea
331 598 511 639 editione
543 598 620 649 [sic
640 598 773 654 pergit
806 596 981 638 scribere
1019 594 1382 642 WnssELmes]
1415 604 1499 630 non

73 667 209 708 multis
229 681 363 724 agam.
425 666 624 722 Conjecto
645 674 740 707 ante
759 665 838 707 hos
857 664 1050 706 undecim
1072 676 1202 703 annos
1232 661 1272 700 in
1295 660 1381 715 ejus
1401 673 1499 699 con-

71 735 207 777 silium
238 750 336 777 cura
365 735 557 790 princeps
585 733 854 790 conquirendi
876 732 1080 788 suppetias
1103 729 1303 772 Codicum
1327 728 1500 782 scripto-

70 818 163 846 rum
194 803 281 854 fuit,
313 818 435 859 quam
458 818 629 858 prosper
658 817 743 843 non
763 801 946 844 destituit
967 814 1181 842 successus.
1247 797 1410 838 Parisiis
1429 796 1495 837 Jo.

73 873 416 928 CapperoneriuS‚
446 872 498 913 V.
521 871 599 922 CL,
631 870 819 912 benivole
839 870 1042 924 excerpsit
1073 884 1096 909 a
1128 867 1221 908 viris
1256 865 1498 907 doctissimis

72 941 250 984 Menoto
269 948 310 982 et
332 940 534 982 Geinozio
563 955 615 981 ex
635 941 764 981 tribus
787 940 932 996 Regiae
959 936 1229 980 Bibliothecae
1249 935 1497 977 membranis

67 1010 112 1051 in
131 1009 336 1066 margines
358 1008 536 1064 exempli
568 1004 826 1050 Gronoviani
857 1008 1016 1057 collata,
1047 1007 1118 1048 sed
1149 1007 1348 1062 parciore,
1370 1019 1495 1061 quam

67 1091 338 1134 speraveram,
370 1091 519 1118 manu:
571 1077 699 1118 multa
728 1078 893 1132 quippe,
928 1076 1119 1118 levissimi
1147 1074 1359 1124 momenti,
1410 1087 1495 1116 sor-

68 1146 140 1188 des
174 1154 215 1188 et
249 1145 498 1201 quisquillias
546 1145 748 1199 opinatus,
791 1146 920 1186 sciens
961 1145 1178 1199 volensque
1227 1144 1492 1198 praeterierat.

70 1215 189 1257 Hinc
219 1228 311 1255 mea
342 1213 465 1270 longe
492 1212 751 1268 discrepabat
780 1214 991 1255 sententia.
1025 1213 1186 1254 Clariss.
1215 1213 1270 1254 D.
1295 1214 1495 1255 Ruhnke-

66 1285 195 1333 nium‚
219 1282 397 1325 Lutetiae
429 1281 683 1323 Parisiorum
712 1281 941 1324 studiorum
972 1297 1113 1324 caussa
1132 1291 1219 1324 tum
1248 1292 1494 1334 morantem,

67 1353 212 1396 litteris
231 1352 394 1394 adduco
434 1359 475 1393 et
494 1365 703 1408 expugno,
735 1359 783 1393 ut
802 1367 851 1393 ea
888 1352 1027 1393 usibus
1068 1352 1168 1393 meis
1200 1367 1253 1393 ne
1273 1361 1495 1409 negentur.

66 1478 139 1510 tam,
155 1474 282 1516 qualem
297 1473 469 1513 superiores
485 1473 634 1504 dederant
649 1473 759 1505 editio.

67 1537 132 1564 nes,
164 1528 330 1569 reliquisse,
353 1538 452 1569 quum
475 1527 588 1558 codicis
610 1529 668 1558 hoc
691 1528 760 1558 loco

65 1582 218 1623 scriptura
255 1581 451 1622 diligentiam
491 1582 589 1620 ipsius
619 1583 760 1612 observa-

65 1636 245 1677 tionemque
265 1635 435 1675 effugisset.
483 1635 575 1671 Nam,
592 1635 675 1676 quod
693 1635 760 1665 cui-

66 1690 143 1721 libet
174 1690 223 1721 vel
251 1690 430 1721 doctissimo
459 1689 759 1730 diligentissimeque

67 1744 190 1776 homini
211 1744 244 1774 in
270 1742 468 1774 conferendis
497 1743 625 1773 vetustis
647 1743 762 1778 codici,

64 1799 125 1829 bus
139 1796 279 1828 accidere
301 1796 389 1832 solet,
418 1802 452 1826 ut
474 1806 538 1826 non
565 1796 696 1827 leviores
711 1807 760 1827 so-

64 1851 140 1887 lum,
172 1860 280 1890 verum
307 1851 401 1881 etiam
438 1850 565 1891 majoris
601 1851 752 1881 momenti

63 1905 248 1938 differentiae
275 1904 374 1936 aciem
397 1904 464 1946 ejus
492 1904 753 1936 observationem-

64 1971 126 2002 que
150 1958 284 1990 subinde
306 1965 500 1998 praetereant‚
516 1959 549 1989 id
565 1969 621 1989 nec
636 1960 753 1990 mirum

64 2021 119 2050 est,
165 2024 223 2044 nec
253 2013 372 2053 culpari
399 2013 570 2043 admodum
600 2013 699 2051 debet,
728 2015 753 2045 si

65 2069 151 2100 idem
175 2069 242 2101 Jac.
267 2068 427 2099 Gronovio
452 2067 583 2105 accidit;
605 2069 660 2109 qui
674 2079 754 2108 prae-

64 2123 171 2154 sertim
202 2122 359 2154 ardentior
396 2122 490 2153 etiam
519 2128 597 2153 tuuc
628 2123 753 2163 juvenis

62 2177 203 2210 codicem
216 2177 309 2209 illum
327 2176 495 2208 Florentiae
505 2187 569 2208 non
583 2188 639 2218 per
652 2178 753 2209 otium

61 2232 97 2263 in
121 2242 230 2263 museo
254 2242 312 2263 suo
326 2238 470 2272 potuerat
491 2238 629 2269 tractare,
646 2232 701 2263 sed
718 2233 753 2263 in

62 2287 131 2328 ipsa
147 2286 360 2317 Laurentiana
380 2286 577 2323 bibliotheca,
601 2288 660 2317 sub
674 2297 749 2319 ocu-

60 2340 100 2372 lis
114 2347 192 2381 puto
213 2339 442 2378 bibliothecarii,
470 2346 596 2372 coactus
617 2346 682 2372 erat
697 2352 746 2372 ex·

63 2401 181 2431 cetere,
197 2404 333 2436 suasque
354 2404 373 2425 e
392 2394 490 2435 spisso
511 2394 673 2426 volumine
693 2405 750 2427 no-

62 2450 146 2482 tulas
159 2450 204 2480 ita
217 2448 331 2489 raptim
346 2459 382 2479 ac
398 2448 494 2480 veluti
516 2449 631 2480 cursim
646 2459 750 2480 excer-

60 2513 145 2548 pere.
192 2506 269 2542 Quo
290 2504 391 2546 magis
410 2504 456 2535 illi
479 2504 616 2536 accidere
632 2506 747 2537 debuit*

61 2559 166 2603 (qvod
191 2569 255 2591 non
277 2559 391 2594 ‘semet-
416 2565 453 2590 ut
491 2559 675 2595 Baudinffls,
701 2560 755 2591 sed

62 2610 204 2652 pluribus
229 2610 263 2641 in
287 2610 363 2641 locis
387 2611 549 2641 observare
570 2611 648 2641 mihi
670 2611 754 2642 <risus

63 2665 150 2705 sum)
166 2670 203 2696 ut
216 2666 329 2705 probas
343 2665 459 2705 passim
475 2664 590 2696 codicis
603 2663 752 2696 lectiones

67 2719 211 2760 fugiente
234 2718 327 2750 oculo
350 2719 527 2760 praeteriret.
551 2725 606 2750 aut
619 2718 753 2751 subinde

82 2773 174 2812 V01.
210 2773 240 2812 1.
730 2789 752 2815 e

803 1474 890 1505 aliud
914 1481 1031 1512 temere
1054 1485 1110 1516 pro
1125 1475 1187 1506 alio
1211 1477 1244 1507 in
1260 1477 1411 1517 excerptis
1433 1477 1497 1508 suis

803 1535 940 1568 poneret.
991 1527 1053 1560 Sed
1078 1536 1166 1561 tanto
1181 1531 1275 1561 etiam
1290 1532 1390 1572 magis
1411 1532 1496 1562 subit

804 1583 923 1621 mirari,
943 1593 1007 1624 quo
1022 1589 1122 1623 pacto,
1146 1595 1246 1625 quum
1267 1592 1338 1626 post
1359 1586 1494 1626 amplius

803 1638 1010 1679 quadraginta
1037 1648 1136 1669 annos
1165 1639 1293 1670 demum
1324 1641 1494 1672 editionem

805 1692 962 1722 Herodoti
991 1699 1070 1723 esset
1091 1693 1263 1734 adgressus,
1295 1705 1313 1725 a
1340 1705 1373 1725 se
1394 1695 1493 1736 impe-

804 1751 885 1776 trare
899 1747 1044 1786 potuerit,
1061 1754 1105 1783 ut,
1130 1748 1397 1789 quemadmodum
1419 1752 1491 1782 Me.

803 1797 928 1829 diceum
950 1798 1042 1829 illum
1064 1799 1203 1830 codicem
1223 1802 1396 1842 genuinam
1420 1803 1489 1834 ubi-

803 1862 864 1892 que
880 1855 1102 1892 repraesentare
1126 1853 1282 1885 Herodoti
1304 1855 1489 1895 scripturam

796 1906 853 1937 sibi
865 1911 1064 1947 persuaserat,
1079 1907 1122 1937 sic
1135 1912 1165 1938 et
1176 1908 1353 1944 confideret,
1367 1910 1442 1940 nihil
1454 1911 1487 1941 in

797 1962 861 1993 suis
888 1962 1006 1994 notulis
1031 1973 1097 1994 esse
1112 1964 1190 2005 quin
1213 1965 1406 1996 exactissima
1427 1967 1487 1997 fide

797 2013 902 2054 ipsum
940 2014 1126 2045 Mediceum
1155 2015 1336 2056 exemplum
1371 2028 1485 2058 usque-

797 2077 922 2108 quaque
962 2075 1203 2108 repraesentaret.
1264 2059 1423 2102 Caeterum
1451 2072 1485 2102 in

797 2122 956 2153 Varietate
976 2122 1146 2160 Lectionis,
1162 2134 1233 2165 quae
1249 2134 1314 2154 non
1327 2125 1433 2156 minus
1447 2136 1486 2157 ex

797 2176 923 2207 diversis
961 2175 1157 2215 editionibus,
1194 2188 1289 2219 quam
1327 2189 1345 2209 e
1372 2190 1484 2211 manu-

796 2230 916 2270 scriptis
955 2231 1131 2268 Codicibus,
1162 2232 1276 2272 partim
1310 2243 1329 2263 a
1361 2234 1483 2265 Wesse-

796 2281 894 2326 lingio
905 2285 1016 2325 partim
1032 2296 1051 2315 a
1066 2286 1154 2317 nobis
1169 2286 1298 2317 collecta
1327 2293 1380 2322 est,
1401 2288 1483 2318 Gro-

793 2340 936 2370 novianae
951 2339 1102 2377 editionis,
1120 2340 1263 2371 eamdem
1279 2342 1318 2371 ob
1341 2351 1482 2373 caussam

792 2399 890 2436 quam
925 2404 1020 2434 supra
1062 2395 1240 2431 memoravi,
1284 2406 1407 2435 perraro
1445 2396 1482 2428 fit

794 2446 921 2477 mentio.
966 2446 1097 2483 Scilicet,
1111 2447 1302 2488 ubicumque
1317 2459 1373 2488 pro
1384 2448 1482 2489 scrip-

792 2507 864 2533 tura
888 2502 1023 2543 quadam
1046 2501 1143 2532 codex
1167 2502 1254 2532 Med.
1276 2503 1362 2533 testis
1385 2504 1480 2536 advo-

796 2560 892 2589 eatur.
916 2555 960 2587 ibi
982 2555 1048 2586 fere
1072 2561 1257 2594 constanter,
1283 2556 1344 2587 nisi
1369 2557 1481 2590 diserte

796 2614 886 2640 secus
911 2614 1071 2646 monuero,
1101 2609 1235 2651 intelligi
1264 2611 1363 2648 debet,
1396 2623 1479 2643 eam-

796 2664 871 2695 dem
883 2665 1067 2705 scripturam
1088 2675 1107 2695 a
1131 2664 1291 2697 Gronovio
1312 2666 1408 2698 fuisse
1426 2668 1477 2699 ad-

793 2725 941 2759 optatam.
986 2718 1032 2759 S.]
