1763 3116
733 538 1272 589 PRAEFATIO

272 675 348 713 DE
377 673 741 713 EDITIONIBUS
772 674 1173 715 HISTORIARUM
1202 674 1500 714 HERODOTI
1528 674 1601 715 ET
1627 675 1704 715 DE

614 805 914 846 CODICIBUS
944 805 1366 845 MANUSCRIPTIS

760 941 818 967 AL
825 942 965 972 [ISQUE
995 942 1220 969 PRAESIDIIS

355 1048 538 1084 QUIBUS
558 1048 656 1079 VEL
681 1048 1049 1080 WESSELINGIUS
1074 1048 1192 1080 USUS
1224 1047 1314 1119 E‘ST
1337 1047 1434 1079 VEL
1467 1046 1617 1079 NOBIS

827 1171 999 1202 LICUIT
1031 1171 1125 1202 UTI.

270 1458 806 1539 WESSELINGIUS
826 1503 919 1549 post
936 1509 1002 1548 ea,
1024 1508 1119 1549 quae
1138 1493 1191 1534 de
1213 1493 1423 1536 Herodoti
1445 1493 1542 1536 Vita
1564 1493 1703 1550 Scrip-

265 1563 398 1618 tisque
431 1561 484 1603 ab
516 1561 588 1602 illo
621 1561 828 1616 disputata
857 1562 900 1601 in
932 1562 1104 1602 introitu
1125 1562 1273 1617 prioris
1293 1563 1420 1617 partis
1440 1563 1564 1618 primi
1583 1561 1705 1618 hujus

268 1631 392 1673 Tomi
413 1639 566 1672 nostrae
588 1630 795 1672 Editionis
815 1630 951 1680 retuli,
975 1630 1175 1687 reliquam
1195 1631 1247 1673 de
1271 1631 1533 1674 Editionibus
1556 1631 1705 1673 Histo-

266 1701 421 1741 riarum
445 1699 655 1741 Herodoti
678 1699 984 1755 codicibusque
1005 1700 1291 1757 manuscriptis
1310 1701 1631 1756 disputationem
1660 1700 1705 1741 in

265 1768 376 1811 hunc
397 1768 570 1810 modum
590 1777 826 1824 persecutus
848 1776 926 1810 est:

324 1929 471 1978 NUNC,
522 1929 670 1985 inquit,
710 1929 907 1986 progredi
947 1935 1116 1983 praestat
1155 1928 1208 1970 ad
1249 1928 1469 1971 Musarum
1514 1927 1699 1985 publica-

265 2008 326 2041 tas
366 1998 598 2041 Editiones:
625 1999 652 2052 *ᾖ
679 2014 856 2055 quarum
905 1999 1098 2054 princeps
1138 1999 1302 2049 Latina,
1354 1998 1538 2040 Venetiis
1588 2013 1700 2040 anno

265 2081 553 2111 Mccccnxxw.
584 2068 867 2125 provulgata‚†
898 2068 1171 2110 Laurentium
1207 2068 1382 2118 Vallam,
1419 2068 1704 2110 doctissimum

265 2137 414 2186 virum,
437 2136 664 2178 multorum
685 2136 785 2177 olim
806 2136 903 2178 odio
924 2145 964 2178 et
983 2137 1139 2178 invidia
1158 2151 1351 2187 mersum,
1374 2144 1586 2178 auctorem
1604 2150 1702 2192 pro-

264 2205 420 2248 fitetur.
482 2205 643 2256 Versio,
680 2221 766 2248 non
787 2221 884 2248 sane
904 2206 1095 2256 absurda,
1119 2218 1370 2262 quamquam
1393 2205 1702 2247 mendosissime

266 2275 485 2330 descripta,
503 2283 543 2316 et
565 2275 807 2331 Interpretis
828 2276 1043 2317 oscitantia
1063 2290 1171 2331 saepe
1191 2275 1399 2326 aberrans,
1424 2275 1483 2316 H.
1503 2273 1706 2330 Stephani

268 2355 310 2386 et
343 2345 518 2386 aliorum
549 2344 885 2403 castigationibus
919 2353 1108 2402 purgata,
1145 2353 1329 2387 servatur
1359 2345 1402 2386 in
1437 2344 1549 2386 hunc
1580 2343 1706 2386 diem.

314 2529 331 2545 '¹'
350 2525 512 2568 [Iudicem
538 2526 723 2558 Editionum
751 2525 908 2557 Herodoti
931 2536 964 2556 e·
1009 2526 1059 2557 nis
1075 2526 1298 2558 Laurentianae
1322 2526 1516 2564 Editionem‚
1541 2532 1579 2557 ut
1601 2525 1704 2558 multa

266 2583 383 2623 jusque
410 2581 602 2612 Versionum
625 2581 769 2612 nonnihil
793 2581 966 2612 auctiorem
1008 2581 1069 2612 alia
1082 2582 1217 2622 pretiosa
1228 2582 1391 2612 literarum
1402 2587 1616 2617 monumenta,
1627 2591 1700 2621 pos-

270 2636 660 2668 Fabriciano-Harlesiano
698 2635 840 2668 exhibuit
876 2637 962 2677 Aug.
1008 2635 1089 2666 sidet
1106 2636 1303 2667 Bibliotheca
1327 2634 1453 2674 publica
1477 2634 1619 2666 Civitatis
1636 2634 1698 2665 Ar-

267 2690 381 2722 Christ.
402 2691 548 2721 Borheck
572 2691 606 2721 in
626 2690 816 2722 Praefatione
831 2701 896 2721 suae
914 2691 960 2721 E-
1006 2691 1239 2731 gentoratensis.
1288 2689 1340 2720 De
1358 2688 1519 2719 Versionis
1540 2688 1636 2729 hujus
1649 2698 1699 2719 ra-

268 2744 407 2783 ditionis,
425 2745 578 2786 Lemgov.
598 2748 688 2776 1808.
703 2756 732 2785 p.
749 2747 883 2776 57—86.
904 2745 949 2787 S.]
1004 2745 1090 2776 tione
1116 2756 1175 2776 nos
1199 2745 1233 2775 in
1247 2743 1358 2784 prioris
1375 2743 1477 2774 Partis
1498 2743 1592 2784 primi
1605 2743 1700 2785 hujus

311 2802 329 2842 †
348 2800 531 2841 [Rariorem
543 2799 632 2834 illam
645 2800 820 2843 principem
831 2798 958 2833 Versic-
1007 2799 1103 2832 Tomi
1110 2797 1389 2833 introitunonnihil
1396 2797 1518 2839 praefati
1524 2807 1643 2830 sumus.
1651 2797 1699 2841 S.]
