1763 3116
242 161 309 209 xii
848 172 1122 206 PRAEFATIO.

243 299 369 342 dubia
387 297 597 340 nonnullis
617 304 751 352 posset
771 295 913 347 videri,
935 311 1012 338 nec
1031 296 1142 338 illam
1156 295 1244 351 jam
1259 295 1354 339 satis
1366 295 1410 338 in
1431 295 1532 337 Var.
1554 295 1671 338 Lect.

246 368 524 417 adservissem,
566 366 703 422 quoad
756 365 846 407 fieri
894 373 1031 421 posset
1069 364 1319 408 vindicarem
1350 363 1671 420 stabiliremque3

245 437 395 492 partim
416 443 462 477 ut
482 435 688 490 scriptoris
712 434 954 476 sententiam
974 441 1250 489 mentemque,
1282 447 1407 489 quam
1426 432 1539 474 haud
1570 446 1672 487 pau-

246 505 303 545 cis
318 504 360 545 in
381 504 479 546 locis
498 518 645 559 parum
661 511 770 544 recte
782 510 1018 558 perceptam
1031 502 1154 560 vulgo
1174 510 1245 544 aut
1256 516 1422 557 prorsus
1435 502 1478 542 in
1494 500 1672 542 alienam

246 581 403 628 partem
426 573 631 614 detortam
664 572 760 622 vidi,
791 572 1061 627 patefacerem
1097 571 1448 626 enuclearemque.
1510 569 1562 610 In
1591 569 1672 611 dis-

247 641 483 697 quisitiones
504 641 556 682 ad
571 638 887 681 reconditiorem
917 648 1095 682 veterem
1115 639 1346 689 historiam,
1377 638 1431 680 ad
1451 637 1673 680 chronolo-

244 711 371 768 giam,
406 710 458 751 ad
479 709 773 767 geographiam
804 717 1047 765 spectantes,
1079 717 1120 750 et
1151 723 1244 764 quae
1274 715 1369 750 sunt
1407 706 1488 749 alia
1520 720 1676 763 genera

245 780 290 818 in
319 778 465 834 quibus
500 778 693 819 illustrari
725 776 979 818 eruditorum
1013 783 1386 818 commentatorum
1426 774 1591 816 solertia
1611 788 1676 816 so-

246 848 315 897 let,
349 848 479 888 rarius
499 861 566 887 me
594 846 790 886 immersi:
823 853 946 900 atque
976 860 1025 886 eo
1055 846 1177 886 etiam
1208 845 1339 902 magis
1360 844 1412 886 ab
1442 843 1506 885 his
1527 844 1675 887 talibus

249 915 437 956 consulto
464 929 530 955 me
560 914 751 963 abstinui,
785 913 896 968 quod
925 914 1012 967 jam
1047 912 1233 968 pluribus
1263 912 1415 953 abhinc
1435 912 1552 954 annis
1584 927 1675 954 eam

248 983 503 1038 provinciam
522 982 632 1023 idem
653 982 715 1021 vir
738 981 1011 1031 doctissimus,
1034 983 1151 1036 cujus
1184 982 1228 1022 in
1248 981 1357 1022 hanc
1386 988 1569 1022 nostram
1589 981 1677 1023 edi-

243 1052 399 1092 tionem
419 1050 777 1106 praeclarissimum
807 1049 1000 1091 meritum
1024 1064 1148 1104 supra
1167 1049 1403 1105 praedicavi,
1435 1049 1511 1090 sibi
1540 1049 1676 1106 desig-

246 1121 398 1160 navxtst'ss

304 1251 489 1293 Libellus
524 1252 576 1292 de
612 1251 709 1292 Vita
741 1250 921 1292 Homeri
961 1257 1141 1292 vetustus
1157 1250 1233 1306 ,ille
1257 1250 1438 1306 quidem,
1476 1250 1547 1291 sed
1576 1249 1679 1293 falso

247 1320 457 1361 Herodoti
478 1334 630 1361 nomen
650 1320 692 1359 in
726 1319 860 1361 fronte
881 1333 1040 1376 gerenS,
1062 1319 1115 1360 ab
1131 1319 1210 1361 hac
1229 1319 1409 1360 editione
1429 1333 1515 1360 non
1535 1318 1678 1361 debuit

246 1389 384 1430 abesse
392 1405 403 1438 ;
432 1403 559 1444 quum
580 1387 807 1443 praesertim
828 1386 940 1428 haud
960 1387 1178 1444 indignum
1199 1387 1501 1444 Wesselingius
1514 1387 1678 1443 judica-

240 1459 351 1499 ‘verit
371 1472 495 1514 quem
517 1457 686 1498 eruditis
706 1456 787 1497 suis
803 1457 910 1497 notis
931 1456 1164 1498 illustraret.
1224 1457 1294 1498 De
1317 1456 1467 1498 Ctesiae
1491 1456 1678 1511 Excerp-

248 1528 313 1577 tis‚
335 1542 428 1582 quae
448 1534 599 1582 praeter
619 1525 811 1566 idoneam
833 1539 1016 1565 caussam
1037 1525 1250 1580 plerasque
1270 1533 1444 1566 onerant
1465 1524 1679 1566 Herodoti

250 1596 460 1646 editiones,
498 1595 656 1636 omissis
675 1593 776 1643 aliis,
805 1592 900 1635 satis
928 1592 1056 1634 habui
1086 1594 1276 1650 reliquias
1299 1594 1458 1635 Rerum
1494 1594 1679 1635 Persica-

246 1680 338 1706 rum
361 1664 415 1706 ad
436 1680 483 1706 ea
504 1679 631 1720 usque
651 1671 854 1719 tempora,
869 1662 912 1703 in
933 1662 1082 1718 quibus
1105 1662 1350 1705 Herodotus
1371 1663 1533 1715 desinit,
1548 1663 1680 1719 adpo-

245 1749 380 1776 suisse.

303 1866 527 1908 Posteriori
557 1865 665 1920 parti
695 1865 830 1920 quarti
860 1863 962 1905 tomi
997 1863 1178 1919 adjectus
1209 1872 1269 1905 est
1293 1863 1428 1905 Index
1462 1864 1618 1906 Rerum
1637 1874 1678 1907 et

246 1935 549 1982 Personarum3
581 1948 718 1989 quem,
747 1947 821 1988 per
851 1932 1124 1989 Jungermani
1159 1931 1403 1973 industriam
1439 1932 1534 1973 satis
1564 1947 1678 1974 com-

243 2005 367 2046 mode
383 2003 627 2061 confectum,
650 2002 877 2057 superiores
893 2001 1144 2042 exhibebant
1159 2000 1371 2051 editiones,
1393 2001 1524 2042 nostri
1539 2009 1677 2043 autem

245 2072 385 2116 caussa
420 2073 558 2113 denuo
587 2071 802 2120 recensuit,
838 2070 1071 2125 partimque
1099 2069 1227 2120 auxit,
1249 2070 1400 2125 partim
1421 2069 1564 2111 melius
1585 2085 1679 2126 pas-

245 2144 321 2185 sim
342 2141 509 2198 digessit
528 2149 569 2181 et
589 2140 795 2181 ordinavit
824 2153 939 2180 meus
959 2139 1002 2179 in
1020 2139 1274 2195 corrigendis
1304 2138 1595 2194 speciminibus
1614 2147 1679 2196 ty-

246 2210 510 2268 pographicis
535 2209 668 2250 socius
698 2207 851 2250 Daniel
883 2207 1094 2256 Waetien,
1118 2207 1365 2257 Bremensis,
1397 2206 1468 2263 qui
1488 2206 1683 2248 humani-

244 2295 364 2321 orum
385 2278 698 2333 divinarumque
717 2277 929 2319 literarum
950 2284 991 2317 et
1011 2275 1272 2317 scientiarum
1298 2275 1566 2326 curriculum,
1588 2276 1680 2332 qui-

245 2350 321 2391 bus
342 2363 416 2404 per
431 2356 608 2403 quatuor
628 2346 846 2387 continuos
876 2359 1005 2386 annos
1022 2345 1064 2385 in
1086 2345 1429 2401 Argentoratensi
1450 2345 1680 2387 Academia

245 2428 285 2460 et
319 2419 361 2458 in
393 2417 611 2458 seminario
637 2415 872 2472 theologico
909 2414 1234 2456 Protestantium
1264 2414 1375 2469 apud
1405 2429 1483 2456 nos
1513 2421 1681 2457 strenue

245 2487 445 2536 incubuit,
459 2486 522 2526 his
543 2485 640 2540 ipsis
660 2484 804 2525 diebus
817 2483 947 2525 multa
961 2498 1056 2524 cum
1076 2482 1200 2524 laude
1215 2482 1398 2524 absolvit.

319 2612 578 2656 Glossarium
620 2617 734 2652 vetus
785 2610 948 2652 Vocum
992 2608 1345 2659 Herodotearum,
1386 2608 1439 2650 ad
1488 2608 1601 2665 quod
1635 2608 1680 2650 in

249 2679 518 2737 KVesselingii
550 2677 885 2720 adnotationibus
919 2686 960 2718 et
989 2677 1032 2718 in
1062 2678 1257 2719 varietate
1287 2675 1474 2718 lectionis
1507 2674 1682 2718 subinde

297 2823 313 2838 ἦ
341 2819 424 2848 Vide
483 2819 609 2848 Gfouc.
651 2816 745 2847 Fam.
773 2816 943 2846 Cnerzmu
992 2813 1163 2853 Griechen)
1180 2813 1268 2854 Lips.
1296 2813 1600 2855 1805.praemissam‚
1611 2814 1684 2854 p07.

257 2862 479 2894 I'raefationem
513 2860 592 2890 libro
619 2860 657 2889 de
690 2859 851 2889 Historica
879 2864 944 2888 arte
988 2867 1049 2900 seq.

257 2907 440 2937 Graecorum
463 2903 528 2945 (die
556 2902 752 2933 Historische
767 2902 876 2932 Kunst
891 2901 945 2931 der
