1763 3116
655 190 928 224 PRAEFA'rIo.
1393 167 1496 215 >ilbi

58 331 125 365 tor
145 322 287 378 possit,
310 320 412 362 mihi
431 321 539 362 visus
570 328 630 362 est
661 320 908 375 praestitisse.
972 318 1198 367 Caeterum,
1234 316 1349 373 quod
1381 315 1499 358 initio

57 391 210 432 veritus
229 403 358 439 eram,
381 404 459 430 nec
476 389 561 430 fere
581 388 700 430 aliter
720 388 811 429 fieri
827 395 1033 443 potuerat,
1070 385 1115 427 id
1133 400 1212 426 usu
1241 384 1344 425 mihi
1373 385 1499 434 venit,

58 468 106 501 ut
123 460 167 500 in
187 459 489 514 pertractandis
509 458 573 499 his
593 459 746 500 nostris
766 458 983 513 excerptis,
1021 462 1062 497 et
1095 456 1139 496 in
1161 468 1281 496 usum
1302 462 1502 509 susceptae

56 543 177 570 novae
215 528 407 570 editionis
446 528 750 578 convertendis,
792 527 907 569 haud
933 526 1076 583 paucis
1107 526 1151 565 in
1183 523 1284 566 locis
1320 524 1502 565 incertus

53 597 259 639 haeserim.
320 598 446 648 Nam,
464 612 590 653 quum
612 598 763 653 passim
782 597 978 638 lectiones
997 593 1213 637 nonnullae
1233 593 1287 635 ab
1308 593 1502 648 exemplo

58 665 396 723 Wesselingiano
441 667 486 708 in
519 666 817 707 Parisiensibus
847 664 1059 707 codicibus
1094 662 1364 712 discedentes,
1407 676 1502 717 quae

55 735 119 777 vel
138 751 163 777 a
184 735 470 793 Wesselingio
500 735 565 777 vel
594 751 619 777 a
640 734 854 778 Larchero
885 734 1100 777 adnotatae
1131 740 1239 784 sunt,
1273 732 1318 774 in
1352 732 1504 773 nostris

53 804 118 845 his
138 805 343 860 excerptis
363 805 445 846 sint
464 805 751 861 praetermissae
758 822 771 854 3
789 819 839 846 eo
852 803 912 854 fit,
930 811 977 845 ut
993 803 1080 844 aliis
1093 803 1217 844 etiam
1231 802 1272 843 in
1292 801 1406 852 locis,
1429 802 1502 843 ubi

54 873 212 916 nullam
227 889 251 915 a
273 881 472 916 contextu
489 874 824 931 Wesselingiano
837 873 1142 916 dissensionem.
1156 872 1415 931 Georgiades
1431 871 1505 913 ad-

55 943 230 992 notavit,
251 942 364 984 haud
394 943 489 985 satis
519 951 656 985 certus
686 944 778 993 sim,
807 943 1141 986 consentiant-ne
1163 943 1413 986 Parisienses
1433 954 1503 983 eo—

54 1009 166 1052 dices
187 1011 288 1066 (sive
307 1025 465 1062 ornnes,
488 1012 571 1053 sive
591 1011 798 1064 nonnulli)
820 1026 916 1053 cum
937 1011 1277 1068 Wesselingiano
1293 1010 1500 1066 exemplo,

51 1093 108 1120 an
129 1078 359 1121 dissensum
381 1080 582 1121 adnotare
602 1079 844 1135 explorator
864 1088 1004 1121 noster
1026 1079 1270 1137 neglexerit.

115 1220 224 1261 Sunt
243 1225 382 1259 autem
406 1217 582 1259 Codices
605 1218 871 1268 Parisienses‚
909 1233 1012 1274 quos
1041 1219 1173 1260 nostri
1194 1234 1338 1260 caussa
1358 1218 1504 1273 explo-

55 1288 161 1329 ravit
181 1286 453 1343 Georgiades,
475 1286 520 1327 hi
536 1287 607 1342 qui
628 1287 671 1328 in
695 1287 904 1342 Catalogo
928 1287 1076 1343 Regiae
1099 1285 1372 1329 Bibliothecae
1391 1286 1504 1329 hisce

54 1357 130 1400 sub
151 1356 335 1398 numeris
364 1363 642 1396 recensentur.

113 1495 186 1537 ΝΟ.
199 1508 459 1537 Mncxxxm.
480 1494 514 1536 is
534 1494 586 1536 de
598 1509 682 1551 quo
693 1495 820 1551 paulo
836 1503 932 1538 ante
951 1495 1054 1538 dixi.
1070 1497 1095 1522 ᾖ
1140 1496 1274 1538 Hunc
1292 1495 1498 1538 Parisien-

55 1565 162 1606 sium
183 1565 370 1606 omnium
390 1563 594 1605 Codicum
611 1564 961 1606 Herodoteorum
981 1566 1227 1621 principem,
1250 1574 1296 1607 ut
1318 1566 1504 1607 Larche-

54 1646 137 1683 rus,
153 1639 179 1686 †
208 1633 266 1674 sic
301 1641 342 1674 et
375 1647 451 1673 nos
485 1632 585 1673 nota
607 1632 737 1675 Paris.
761 1634 816 1674 A.
851 1642 892 1675 et
921 1633 1164 1690 plerumque
1193 1633 1374 1675 breviori
1403 1633 1503 1676 nota

57 1702 130 1744 Pa.
155 1702 455 1758 insignivimus.
520 1701 649 1749 Quod
670 1701 719 1751 si,
742 1716 836 1758 quae
866 1701 919 1742 de
948 1701 1030 1743 hoc
1052 1702 1209 1744 Codice
1241 1711 1281 1744 et
1301 1703 1345 1744 in
1368 1703 1502 1745 Catal.

58 1770 257 1813 Biblioth.
284 1770 389 1826 Reg.
411 1776 452 1810 et
471 1783 496 1810 a
525 1769 740 1812 Larchero
775 1771 1071 1826 praedicantur,
1104 1786 1200 1813 cum
1231 1772 1296 1814 his
1318 1772 1504 1814 conferas

55 1854 150 1897 quae
167 1839 472 1895 VVesselingius
493 1838 546 1880 de
567 1854 641 1881 suo
662 1840 754 1882 cod.
779 1840 910 1882 Paris.
936 1842 987 1883 A.
1009 1841 1308 1897 praedicavit3ss
1341 1843 1505 1897 jurares

55 1908 248 1951 eumdem
264 1922 349 1949 esse
367 1907 581 1950 Codieem.
625 1909 685 1951 At
699 1910 826 1961 enim,
848 1911 953 1952 sicut
969 1919 1009 1952 et
1023 1910 1178 1967 alioqui
1194 1911 1298 1952 mire
1313 1912 1506 1954 confusas

54 1977 230 2021 subinde
265 1977 377 2032 apud
413 1977 740 2036 Wesselingium
772 1979 1030 2036 deprehendi
1069 1980 1263 2022 codicum
1298 1981 1505 2023 Parisien-

53 2049 162 2090 sium
182 2055 315 2096 notas,
337 2046 395 2087 sic
414 2045 574 2101 liquido
595 2047 836 2103 cognovisse
855 2047 960 2089 mihi
981 2049 1089 2090 visus
1109 2063 1215 2099 sum,
1240 2064 1342 2105 quas
1361 2050 1503 2094 lectio-

54 2132 127 2158 nes
147 2116 217 2158 ille
236 2115 371 2157 codici
389 2115 518 2157 Paris.
542 2115 595 2156 A.
616 2113 827 2165 adscribit,
846 2129 914 2156 eas
934 2130 957 2156 e
976 2124 1120 2157 nostro
1135 2116 1265 2159 Paris.
1287 2119 1335 2161 C.
1357 2119 1502 2163 ductas

57 2201 163 2236 esse3
194 2194 236 2227 et
256 2185 445 2234 vicissim,
469 2199 570 2241 quas
591 2183 661 2224 ille
695 2183 830 2225 codici
853 2184 982 2226 Paris.
1007 2185 1057 2227 C.
1093 2186 1251 2238 tribuit,
1284 2204 1336 2230 ex
1357 2200 1504 2233 nostro

57 2256 188 2298 Paris.
206 2256 262 2297 A.
281 2270 367 2296 esse
396 2255 561 2310 petitas:
593 2268 688 2310 quae
707 2254 877 2310 quidem
898 2254 1086 2297 confusio
1106 2256 1217 2299 nulla
1239 2258 1382 2315 utique
1402 2259 1502 2302 doc-

55 2325 200 2368 tissimi
220 2323 390 2365 editoris
408 2323 531 2380 culpa
552 2323 771 2365 commissa
790 2331 862 2366 est.

114 2456 232 2498 Alter
255 2454 404 2496 Codex
438 2453 700 2506 Parisienses,
722 2456 767 2497 in
787 2471 906 2499 usum
939 2465 1127 2498 nostrum
1157 2457 1338 2510 collatus,
1374 2475 1498 2516 quem

53 2541 146 2578 nos,
167 2525 287 2568 sicuti
307 2523 554 2575 LarcheruS,
586 2533 687 2567 nota
708 2525 838 2568 Paris.
864 2527 916 2568 B.
936 2534 978 2568 et
996 2526 1172 2569 breviori
1193 2536 1294 2570 nota
1315 2528 1392 2572 Pb.
1413 2531 1496 2572 dis-

99 2653 116 2671 *
133 2649 219 2681 Vide
232 2658 335 2690 supra,
350 2658 382 2687 p.
399 2646 485 2679 xlvii.
498 2638 603 2689 ibique
619 2654 683 2680 not.
844 2652 859 2692 ᾖ
876 2650 960 2682 Vide
973 2660 1076 2692 supra,
1091 2661 1121 2691 p.
1135 2649 1237 2683 xxxiv.

97 2708 116 2746 †
135 2704 177 2735 In
193 2703 288 2735 Praef.
303 2714 335 2744 p.
349 2713 458 2735 xxxv1.
472 2701 521 2734 ed.
536 2713 595 2733 sec.

109 2773 213 2809 Vor..
236 2770 268 2808 I.

754 2782 783 2821 σς
