1763 3116
270 182 419 229 xxxiv
903 190 1170 227 PRAErArro.

270 321 443 362 Factum
479 327 538 360 est
567 319 732 376 egregio
762 317 994 360 amicissimi
1024 315 1100 357 viri
1129 312 1307 354 candore
1326 321 1367 354 et
1385 313 1553 363 auxilio,
1575 313 1686 368 quod

266 397 480 443 tantopere
500 388 794 436 desiderabam,
815 387 895 428 hoc
915 387 1037 427 etiam
1051 383 1268 432 monentiS‚
1287 382 1471 423 codicem
1491 383 1684 437 primum,

266 459 378 511 cujus
410 457 461 497 A.
498 456 635 505 index,
658 456 834 512 ingentis
863 470 948 496 esse
968 452 1102 508 pretii,
1133 458 1174 492 et
1193 458 1332 500 tantae,
1355 451 1438 491 sive
1457 451 1686 492 litterarum

267 525 413 566 ductus
433 525 515 565 sive
544 524 784 566 membrana
805 531 1048 578 spectentur,
1079 518 1380 574 pulcritudinis,
1409 527 1454 559 ut
1483 519 1552 559 vix
1571 518 1688 567 alius,

269 595 435 649 quicum
451 594 666 647 conparari
686 593 824 647 possit,
847 591 1087 632 inveniatur.
1148 587 1366 628 Debentur
1381 587 1562 642 ejusdem
1579 586 1687 641 Cap-

269 662 473 716 peronerii
494 662 616 701 bonae
649 661 846 702 voluntati
873 665 1067 712 excerpta
1097 669 1151 696 ex
1170 654 1341 704 schedis,
1374 655 1509 696 seculo
1530 670 1598 696 xv.
1620 669 1692 696 ex-

269 732 405 780 aratis,
441 730 676 771 monasterii
720 731 761 771 S.
800 728 980 784 Remigii
1019 724 1353 781 congregationis
1389 724 1430 765 S.
1468 722 1611 765 Mauri
1649 723 1693 764 in

272 799 462 847 Francia,
493 799 649 852 priores
679 797 763 838 duo
796 797 924 837 libros
959 803 1000 835 et
1033 793 1141 835 tertii
1173 805 1366 847 magnam
1407 798 1566 845 partem
1596 806 1694 832 con-

270 867 416 923 plexis:
437 868 460 890 *
481 876 569 908 tum
589 866 666 907 alia
696 881 748 906 ex
777 866 931 914 codice,
963 864 1007 904 in
1038 860 1336 903 Bibliothecam
1363 860 1539 915 Regiam
1559 860 1694 900 novis-

273 937 372 976 sime
402 935 525 985 illato,
557 936 600 975 in
630 949 712 989 quo
742 949 794 976 ex
825 934 912 975 IX.
941 931 1150 973 Herodoti
1180 929 1313 970 Musis
1334 929 1563 985 fragmenta
1583 928 1695 970 haud

273 1019 423 1059 pauca;
457 1004 632 1059 denique
655 1003 768 1053 Λέξεις
786 1003 960 1054 Ἡροδότου
981 1013 1033 1040 ex
1055 998 1197 1039 forulis
1229 997 1499 1038 Bibliothecae
1521 999 1698 1057 Sanger-

279 1073 494 1121 manensis,
516 1071 690 1128 vulgatis
712 1069 810 1110 olim
831 1084 882 1110 ex
904 1068 1062 1110 schedis
1084 1066 1274 1109 Goldasti
1294 1067 1423 1123 longe
1443 1068 1635 1111 utiliores.

334 1212 443 1261 Quae
478 1211 643 1266 quidem
674 1224 768 1251 cum
799 1207 992 1249 laudabili
1022 1206 1189 1248 sollertis
1230 1206 1305 1246 viri
1340 1206 1490 1256 studio,
1530 1215 1699 1264 propter

276 1281 389 1337 quod
409 1280 465 1320 illi
485 1281 619 1336 gratia
647 1278 842 1327 manebit,
875 1277 1176 1333 colligerentur,
1208 1275 1458 1316 conmodum
1479 1276 1532 1318 ad
1553 1291 1618 1319 me
1637 1278 1700 1319 vir

277 1350 460 1391 eruditus
493 1356 532 1389 et
562 1348 787 1403 plurimum
818 1345 1065 1387 reverendus
1097 1344 1308 1385 Henricus
1340 1344 1476 1401 Gany,
1511 1346 1551 1387 S.
1574 1346 1626 1387 T.
1653 1347 1700 1388 Ρ.

273 1432 437 1474 magnae
457 1417 683 1458 Britanniae
703 1415 805 1472 Regi
828 1430 852 1455 a
882 1415 1018 1463 sacris,
1050 1413 1197 1454 invisit.
1257 1413 1404 1454 Varios
1424 1413 1530 1455 inter
1549 1415 1702 1469 jucun-

275 1488 430 1542 dosque
461 1500 666 1526 sermones
697 1484 857 1525 venitur
884 1483 935 1524 ad
966 1482 1252 1524 Herodotum:
1283 1481 1499 1524 vehemens
1519 1497 1606 1538 prae
1634 1499 1703 1526 me

275 1555 454 1596 ferebam
501 1553 747 1594 desiderium
789 1551 939 1593 codicis
987 1550 1303 1605 Archiepiscopi
1343 1551 1455 1593 Guil.
1498 1553 1701 1606 Sancroft,

280 1621 559 1678 Cantabrigiae
575 1627 599 1673 †
638 1619 846 1669 asservati,
886 1627 927 1660 et
968 1617 1089 1659 Galei
1128 1617 1317 1659 laudibus
1357 1618 1460 1660 adeo
1499 1620 1702 1663 celebrati.

274 1690 387 1731 Tum
407 1690 469 1730 vir
500 1688 629 1730 multo
658 1687 975 1728 humanissimus
1004 1685 1164 1741 prolixe
1190 1686 1389 1727 auxilium
1408 1687 1605 1742 polliceri,
1626 1704 1702 1731 nec

275 1759 458 1814 polliceri
488 1766 665 1806 tantum,
703 1757 774 1797 sed
804 1764 844 1797 et
879 1762 1085 1810 praestare.
1148 1754 1237 1795 Abs
1273 1754 1422 1796 reduce
1455 1756 1498 1797 in
1539 1757 1704 1799 Britan-

281 1829 393 1869 niam
418 1842 502 1868 non
522 1826 660 1867 multis
681 1833 774 1880 post
802 1823 1009 1865 mensibus
1039 1823 1270 1878 exemplum
1296 1823 1492 1866 Galeanae
1518 1826 1708 1868 editionis

286 1897 456 1952 accipio,
480 1896 724 1936 instructum
744 1892 1069 1948 discrepantibus
1089 1891 1183 1932 libri
1204 1891 1513 1949 Archiepiscopi
1536 1896 1708 1951 scriptu-

280 1967 349 2015 ris,
392 1964 664 2005 sollertissima
706 1962 845 2004 Celeb.
925 1962 1024 2003 Ant.
1062 1960 1212 2002 Askew
1243 1976 1369 2003 manu
1401 1965 1589 2015 enotatis,
1625 1966 1709 2008 una

280 2050 374 2077 cum
409 2033 622 2075 corollario
652 2047 703 2074 ex
732 2033 856 2087 ipsius
888 2031 1036 2072 Askew
1079 2030 1293 2072 chartaceo
1331 2031 1472 2073 codice
1505 2048 1708 2078 annorum

280 2103 408 2144 ferme
442 2102 779 2158 quingentorum,
812 2100 992 2155 primore
1026 2099 1190 2154 quidem
1230 2099 1367 2140 Musae
1405 2101 1551 2154 primae
1589 2112 1707 2158 parte

286 2187 447 2220 manco,
479 2170 549 2211 sed
579 2170 755 2225 perutili.
818 2169 1006 2224 Utraque
1027 2183 1152 2222 opera
1172 2167 1273 2208 mihi
1287 2169 1584 2223 jucundissima
1603 2173 1709 2215 acci-

287 2239 347 2280 dit
388 2240 441 2280 ob
483 2238 768 2280 excellentium
817 2238 999 2278 virorum
1039 2237 1259 2278 amicitiam
1300 2246 1341 2278 et
1389 2240 1709 2293 accurationem,

288 2325 369 2365 qua
389 2308 491 2349 nihil
521 2323 654 2362 supra.
715 2308 861 2362 Neque
881 2321 966 2347 non
996 2305 1097 2347 mihi
1126 2305 1370 2347 celebranda
1393 2307 1526 2351 adfuit
1553 2309 1606 2350 ill.
1628 2310 1710 2353 Ba-

290 2377 400 2418 ronis
420 2376 472 2417 de
505 2377 679 2417 Swieten
701 2375 743 2415 in
768 2374 988 2416 Herodoto
1016 2374 1247 2429 adjuvando
1268 2375 1515 2432 benignitas3
1544 2378 1598 2419 de
1616 2393 1710 2422 meo

344 2498 359 2512 ἦ
386 2495 528 2536 [Desinit
552 2495 604 2525 ille
620 2495 686 2526 cod.
716 2496 809 2526 Rem.
821 2495 854 2525 in
877 2495 984 2525 Hero-
1027 2493 1119 2535 liquis
1150 2495 1308 2529 Herodoti
1330 2496 1506 2534 Codicibus,
1528 2498 1584 2539 qui
1603 2499 1637 2528 in
1653 2499 1711 2530 Bi-

297 2545 362 2576 doti
373 2545 425 2575 lib.
449 2546 519 2577 111.
533 2556 598 2585 cap.
621 2550 672 2577 70.
698 2552 734 2576 ut
748 2546 790 2576 ibi
815 2545 984 2576 Wesselin-
1027 2544 1183 2576 bliotheca
1208 2547 1308 2587 Regia
1333 2554 1501 2585 servantur,
1528 2548 1610 2579 infra
1624 2549 1714 2581 nobis

302 2600 372 2641 gius
397 2600 530 2629 monuit.
589 2601 641 2630 De
673 2599 788 2630 Codice
821 2599 986 2630 Parisiensi
1029 2600 1086 2631 erit
1100 2600 1222 2631 dicendi
1236 2601 1332 2633 locus.
1349 2602 1393 2645 S.]

304 2653 417 2692 quibus
442 2653 603 2692 complura
629 2664 667 2683 ex
698 2652 855 2684 Herodoti
884 2653 989 2686 Musis
1086 2656 1104 2695 †
1131 2655 1188 2695 [In
1203 2655 1389 2688 bibliotheca
1405 2657 1539 2699 Collegii
1554 2657 1714 2691 Emanue-

301 2705 490 2747 Fragmenta
505 2706 724 2746 continentur3
738 2707 876 2749 itemque
891 2706 930 2739 de
944 2718 991 2739 re·
1037 2707 1142 2739 lensis.
1172 2708 1218 2750 S.]
