1763 3116
680 189 949 223 PRAEFATIO·
1408 181 1526 230 xlvii

95 319 183 347 non
202 303 315 360 prius
334 316 504 344 manum
525 302 744 345 admovere
763 304 955 346 constitui
976 307 1309 361 recognoscendo
1331 308 1530 353 Herodo-

96 377 127 418 ti
148 373 353 429 exemplo,
375 386 499 428 quam
521 372 681 413 codices
702 372 792 414 illos
811 373 992 424 eosdem,
1014 382 1055 416 et
1075 374 1107 414 si
1128 376 1198 431 qui
1220 377 1287 417 alii
1309 379 1350 419 in
1371 379 1529 422 Biblio-

95 443 214 485 theca
237 442 369 498 Regia
391 441 609 482 parisiensi
630 450 900 490 servarentur,
938 442 1023 497 ipse
1055 443 1156 483 meis
1184 445 1312 486 oculis
1331 447 1529 502 inspexis-

93 527 192 562 sem,
215 520 257 553 et
286 509 438 566 quant&
460 524 620 565 possem
651 510 831 552 maxim&
863 510 1076 567 diligenti&
1103 526 1177 567 per
1196 514 1326 555 otium
1347 527 1528 569 pertrac-

94 590 255 624 tassem.
318 579 553 621 Praesertim
591 594 688 621 vero
722 579 895 634 cupidus
934 595 1021 622 esse
1059 581 1183 622 debui
1218 583 1330 624 illum
1362 586 1528 628 videndi

93 649 378 705 tractandique
398 648 597 698 codicem,
620 649 689 705 qui
710 649 753 689 in
769 649 972 706 Catalogo
996 650 1266 694 Bibliothecae
1285 654 1430 711 Regiae
1449 656 1528 698 Pa-

92 721 229 762 risinae
249 725 296 760 ut
314 717 439 775 longe
459 717 817 773 praestantissimus
832 718 1037 760 laudatur.
1055 720 1078 743 *ς

149 837 307 893 Itaque,
329 837 399 892 qui
419 837 694 892 complurium
708 852 912 879 annorum
927 838 1141 894 multiplici
1161 842 1417 896 experienti&
1433 846 1527 889 satis

89 907 303 963 cognitum
323 905 666 961 exploratumque
679 906 924 957 habuissem,
947 907 1059 949 nullo
1079 916 1202 963 pacto
1223 910 1312 952 fieri
1332 928 1466 968 posse,
1482 924 1528 958 ut

90 983 176 1017 tam
197 974 418 1025 adcuratae,
441 989 565 1030 quam
583 983 643 1016 est
663 975 855 1030 optabile,
879 984 1061 1017 veterum
1083 985 1299 1020 auctorum
1327 981 1527 1027 editiones

90 1053 379 1100 procurentur,
410 1045 487 1086 nisi
509 1044 642 1085 editor
663 1058 747 1085 non
769 1045 895 1085 modo
913 1045 1102 1087 codicum
1124 1046 1247 1088 bonae
1268 1057 1380 1091 notae
1401 1066 1526 1107 quam

89 1114 363 1170 plurimorum
371 1113 1138 1169 adcuratissimeexcerptislectionibus
1154 1125 1289 1170 posset
1305 1119 1526 1168 uti,verum

89 1184 210 1225 etiam
227 1182 386 1224 codices
402 1183 528 1237 ipsos,
543 1198 611 1223 eos
624 1190 734 1223 certe
755 1183 826 1238 qui
846 1182 1026 1224 melioris
1046 1198 1135 1238 prae
1155 1187 1312 1226 caeteris
1333 1196 1445 1230 notae
1466 1206 1527 1232 es-

88 1260 190 1302 sent,
215 1266 297 1293 non
320 1251 413 1292 dico
429 1251 559 1293 oculis
580 1251 662 1293 suis
681 1260 928 1307 usurpasset,
950 1268 1093 1294 verum
1114 1269 1188 1309 per
1203 1270 1326 1298 omne
1346 1265 1526 1314 tempus,

86 1335 169 1376 quo
189 1321 232 1361 in
253 1320 523 1362 emaculando
543 1321 914 1376 constituendoque
934 1322 1112 1363 auctoris
1139 1324 1331 1378 exemplo
1352 1341 1527 1384 occupe-

87 1397 167 1439 tur,
184 1397 338 1430 veteres
353 1388 516 1430 codices
531 1389 640 1443 ipsos
655 1388 709 1430 ad
723 1403 892 1430 manum
906 1390 982 1430 sub
996 1389 1204 1446 oculisque
1218 1391 1405 1445 haberet3
1422 1398 1528 1440 nihil

87 1459 200 1512 prius
234 1465 276 1499 et
309 1458 516 1514 antiquius
547 1457 676 1499 habui
712 1457 920 1514 equidem,
957 1473 1080 1514 quam
1119 1467 1164 1501 ut
1183 1475 1208 1502 a
1238 1474 1526 1510 conservatore

87 1527 337 1570 Graecorum
376 1527 566 1568 codicum
604 1527 866 1568 bibliothecae
908 1528 1148 1570 Parisiensis
1198 1531 1525 1593 quibuscumque

85 1612 247 1653 possem
267 1597 458 1652 precibus
478 1596 787 1651 rationibusque
803 1597 951 1637 iterum
965 1597 1197 1653 iterumque
1212 1603 1521 1657 contenderem,

86 1676 133 1709 ut
154 1666 364 1708 Herodoti
385 1666 547 1707 codices
568 1665 851 1720 manuscripti,
884 1666 954 1721 qui
975 1666 1018 1706 in
1039 1666 1220 1708 literario
1239 1668 1309 1710 illo
1330 1671 1524 1718 thesauro

84 1735 260 1791 depositi
280 1742 430 1783 essent,
451 1748 556 1775 meae
586 1733 685 1774 fidei
704 1733 1012 1789 industriaeque,
1035 1736 1386 1790 quemadmodum
1423 1742 1524 1786 olim

87 1804 285 1860 Appiani,
309 1803 486 1860 Polybii,
517 1803 773 1859 aliorumque
793 1812 1009 1845 auctorum
1029 1804 1206 1856 codices,
1228 1810 1428 1862 parandae
1447 1827 1523 1856 no-

86 1951 230 1983 confecta
256 1951 375 1982 fuerint
401 1950 456 1980 iua
476 1956 635 1993 excerpta.
681 1949 779 1985 Quod

87 2005 192 2045 ipsum
206 2005 302 2035 etiam
317 2003 546 2044 Wesselingius
561 2013 662 2044 quum
676 2003 710 2031 in
725 2012 776 2032 ea-

87 2057 161 2088 dem
180 2058 378 2092 Praefatione,
405 2063 476 2087 tum
501 2063 532 2087 et
557 2056 632 2086 alibi
646 2055 779 2086 subinde

87 2112 174 2143 haud
199 2114 329 2143 obscure
353 2112 547 2153 significavit,
576 2117 607 2142 et
622 2117 778 2151 postremo

87 2167 122 2196 in
138 2167 231 2197 Notis
256 2167 297 2198 ad
320 2167 373 2197 lib.
397 2166 462 2197 IX.
486 2176 553 2206 cap.
579 2169 631 2197 26·
659 2165 780 2196 disertis

88 2221 184 2252 etiam
199 2221 298 2251 verbis
313 2226 503 2262 conquestus
514 2226 569 2256 est,
583 2230 615 2250 se
634 2219 780 2250 codicum

91 2275 317 2306 Parisiensium
342 2274 491 2306 adcurata
519 2284 585 2305 non
613 2284 780 2314 usurpasse

88 2336 241 2370 excerpta.
288 2330 444 2371 Denique,
460 2330 557 2361 fuisse
571 2329 642 2361 illos
656 2330 778 2360 codices

87 2384 301 2425 negligentius
321 2383 459 2420 collatos,
484 2384 660 2415 Larcherus
684 2384 777 2414 etiam

86 2438 203 2478 passim
225 2438 259 2468 in
276 2438 369 2468 Notis
394 2438 434 2468 ad
452 2438 611 2469 Gallicum
630 2439 778 2470 Herodo-

87 2500 159 2524 tum
185 2493 234 2535 (in
255 2493 303 2524 his
332 2493 392 2523 VI.
410 2496 462 2524 40.
486 2499 518 2523 et
540 2493 581 2523 ad
602 2494 686 2524 VH.
713 2492 776 2533 16.)

87 2547 219 2578 monuit.

131 2604 148 2621 *¹
175 2601 216 2631 ln
240 2601 339 2633 Catal.
363 2601 444 2632 Bibi.
475 2601 586 2643 Regiae
613 2602 777 2633 Parisiens.

88 2655 180 2687 Tom.
211 2655 260 2686 II.
276 2658 333 2687 sub
349 2664 396 2687 no.
419 2666 598 2688 >incusum
626 2666 777 2688 memora-

825 1955 878 1980 tur
917 1950 1025 1981 Codex
1063 1952 1320 1984 membranaceus
1357 1955 1406 1998 (in
1449 1958 1521 1999 fol.)

827 2011 951 2044 emptus
975 2016 1059 2036 anno
1077 2007 1192 2037 Christi
1222 2011 1313 2039 1688.
1335 2021 1399 2051 quo
1422 2014 1523 2044 conti-

827 2065 943 2089 nentur
960 2059 1118 2090 Herodoti
1135 2061 1351 2094 Historiarum
1366 2065 1437 2097 libri
1455 2068 1521 2100 IX.

828 2113 863 2143 Is
878 2112 974 2143 codex
993 2113 1051 2155 (sic
1074 2114 1117 2144 ibi
1141 2116 1243 2156 pergit
1268 2118 1322 2158 qui
1348 2119 1442 2151 illum
1459 2122 1520 2153 Ca-

826 2163 972 2205 talogum
1001 2165 1149 2206 confecit)
1182 2167 1276 2209 longe
1305 2173 1522 2209 praestantissi-

827 2229 907 2255 mus,
925 2225 956 2249 et
971 2230 1066 2260 quem
1089 2220 1241 2260 inspicere
1255 2233 1357 2263 operae
1382 2227 1520 2266 pretium

825 2273 915 2309 foret,
932 2274 1120 2305 duodecimo
1141 2276 1248 2307 seculo
1274 2286 1419 2311 exaratus
1433 2282 1519 2313 vide·

824 2333 886 2358 tur.
909 2327 1072 2358 Eumdem
1083 2329 1222 2360 codicem
1241 2332 1454 2365 Ruhnkenius
1468 2341 1521 2379 (ut

826 2392 919 2422 supra
931 2382 1081 2423 vidimus)
1094 2383 1233 2424 ingentis
1242 2387 1332 2425 pretii
1344 2398 1409 2419 esse
1426 2390 1518 2422 Wes-

825 2437 957 2478 selingio
983 2438 1229 2471 confirmaverat.
1273 2442 1431 2484 Denique,
1447 2456 1517 2485 per-

825 2501 981 2532 magnum
995 2503 1166 2523 numerum
1183 2494 1397 2527 Ionismorum
1412 2499 1447 2529 in
1462 2510 1518 2532 eo..

825 2544 898 2575 dem
913 2553 1069 2577 servatum
1087 2558 1162 2584 esse,
1178 2550 1288 2580 monui
1301 2550 1473 2584 Larcherus
1484 2555 1517 2585 in

826 2601 920 2632 Praef.
937 2601 974 2631 T.
993 2601 1019 2631 I.
1037 2601 1195 2632 Herodoti
1220 2603 1379 2636 Gallicum
1394 2606 1428 2636 in
1452 2619 1518 2638 ser.

823 2665 952 2686 monem
975 2656 1124 2693 conversi,
1151 2667 1222 2698 pag.
1239 2669 1348 2691 xxxv1.
1369 2661 1441 2694 edit.
1457 2673 1516 2695 sec.
