1763 3116
254 165 338 212 xlii
868 185 1140 217 PRAEFATIO.

252 304 306 347 ad
326 305 437 347 hunc
459 322 587 362 usque
606 308 716 348 diem
737 309 893 363 prodiit
912 318 1081 364 quartus
1117 316 1265 358 tomuS,
1296 323 1454 351 nonum
1477 309 1687 351 Herodoti

251 372 402 414 librum
428 389 522 415 cum
554 376 705 416 criticis
727 376 910 418 Editoris
932 377 1053 418 Notis
1088 376 1358 426 exhibiturus;
1392 392 1468 419 nec
1498 377 1687 419 Lexicon

254 440 546 484 Herodoteum
576 444 708 485 lucem
729 445 845 495 vidit,
869 446 980 501 quod
1016 460 1057 487 se
1087 460 1233 500 parare
1265 447 1392 500 copiis
1427 447 1689 488 instructissi-

251 524 382 561 mum,
415 519 455 552 et
490 512 698 553 Reizianae
733 512 951 555 Musarum
985 514 1156 555 editioni
1191 530 1263 556 sua
1297 530 1396 555 cura
1428 515 1687 556 absolvendae

251 578 505 633 adjectarum
528 581 734 636 professus
755 592 814 623 est
834 584 877 623 in
899 583 1011 624 brevi
1034 582 1283 624 Praefatione
1312 584 1447 639 primo
1478 594 1592 626 tomo
1612 583 1692 626 hu·-

245 649 313 702 jus
335 649 525 691 editionis
542 652 766 706 praemissa.

308 789 404 831 Jam
425 792 610 846 quamvis
633 791 877 842 Schaeferus,
909 792 1081 847 perinde
1100 800 1223 848 atque
1247 791 1428 842 Reizius,
1463 791 1516 832 ad
1550 805 1689 832 emen-

252 858 437 900 dandum
480 861 676 902 Graecum
713 861 951 916 exemplum
990 861 1112 902 nullis
1152 861 1240 903 aliis
1273 869 1457 902 veterum
1497 860 1690 902 codicum

252 927 401 980 praesid
408 928 453 968 iis
475 929 696 969 instructus
717 930 930 970 accesserit
949 939 1226 984 praeterquam
1241 944 1334 985 quae
1342 929 1691 985 Wesselingianae

253 994 480 1037 offerebant
501 999 652 1051 copiae;
686 1007 824 1038 tamen
844 1006 1030 1053 uterque,
1052 998 1240 1039 adhibito
1261 1014 1335 1040 suo
1348 998 1508 1054 judicio
1528 999 1690 1053 suisque

251 1062 454 1104 doctrinae
475 1074 515 1105 et
536 1066 691 1122 ingenii
722 1066 862 1120 copiis,
892 1067 949 1107 ita
979 1066 1057 1107 illis
1083 1067 1284 1121 praesidiis
1304 1082 1400 1108 usus
1421 1075 1493 1116 est,
1516 1075 1575 1116 ut,
1598 1073 1692 1121 post

250 1131 499 1174 immortalia
524 1134 789 1191 Wesselingii
810 1135 972 1185 merita,
994 1135 1106 1176 haud
1128 1150 1275 1190 parum
1298 1151 1437 1177 rursus
1457 1135 1510 1176 ab
1539 1135 1602 1176 his
1631 1135 1691 1190 ip-

251 1199 303 1240 sis
325 1200 552 1243 duumviris
573 1203 626 1244 ad
647 1203 943 1245 restituendam
964 1204 1246 1258 compluribus
1270 1203 1481 1245 Herodoti
1510 1203 1608 1244 locis
1628 1204 1693 1244 in-

251 1271 485 1326 tegritatem
508 1273 803 1328 sanitatemque
834 1272 955 1314 fuerit
976 1272 1184 1314 collatum.
1247 1273 1404 1328 Itaque,
1437 1280 1483 1313 ut
1513 1272 1689 1313 multum

251 1340 402 1393 passim
429 1356 502 1396 per
526 1342 715 1383 Reizium
748 1342 920 1398 profeci,
954 1343 1011 1383 sic
1045 1357 1330 1398 saepenumero
1350 1342 1414 1383 vel
1435 1351 1692 1397 praeeuntem

255 1408 510 1451 Schaeferum
531 1411 639 1452 ultro
661 1420 822 1453 secutus
843 1427 948 1463 sum,
971 1412 1047 1462 vel,
1072 1413 1141 1454 ubi
1162 1427 1295 1454 meam
1322 1413 1410 1468 jam
1433 1412 1692 1462 sententiam,

253 1478 492 1534 priusquam
511 1479 625 1520 illum
645 1480 916 1531 consulerem,
949 1481 1216 1522 constitutam
1246 1481 1488 1530 habueram,
1528 1481 1692 1537 gavisus

253 1561 344 1587 sum
366 1562 493 1602 quum
514 1548 611 1597 vidi,
634 1548 678 1589 id
701 1549 836 1603 ipsum
856 1549 1096 1589 doctissimo
1111 1551 1201 1589 viro
1217 1548 1427 1603 placuisse,
1445 1548 1559 1604 quod
1579 1549 1693 1604 equi-

253 1614 348 1655 dem
369 1630 458 1670 prae
478 1617 636 1657 caeteris
657 1617 910 1672 probassem.
943 1616 1013 1659 Ex
1033 1617 1214 1672 ejusdem
1237 1617 1421 1658 Editoris
1444 1616 1694 1658 Praefatione

249 1685 367 1740 juvat
387 1684 469 1726 huc
486 1686 781 1727 transscribere
801 1701 895 1741 quae
916 1685 980 1726 ille
1000 1686 1052 1726 de
1074 1685 1286 1726 Herodoti
1308 1685 1508 1735 Ionismo,
1530 1699 1693 1726 mecum

255 1767 423 1807 prorsus
445 1755 716 1804 consentiens,
741 1754 913 1809 scripsit.
959 1753 1134 1803 Scilicet,
1156 1761 1374 1808 postquam
1396 1752 1600 1807 professus
1621 1761 1693 1804 est,

254 1837 296 1863 se
314 1823 445 1872 initio,
467 1829 494 1849 “
513 1839 640 1879 quum
662 1824 844 1878 primum
862 1821 1085 1863 Herodoto
1101 1822 1354 1863 recensendo
1366 1836 1535 1862 manum
1550 1823 1694 1863 admo-

253 1892 386 1941 visset,
409 1891 517 1932 hanc
538 1893 614 1932 sibi
635 1891 766 1948 legem
788 1891 1009 1946 scripsisse,
1031 1898 1078 1931 ut
1098 1890 1278 1945 expulsis
1308 1889 1450 1931 formis
1472 1891 1692 1932 verborum

254 1961 555 2009 communibus,
579 1961 701 2001 etiam
724 1969 811 2001 tum
833 1974 929 2000 cum
945 1959 1106 2000 codices
1128 1967 1324 2008 tacerent,
1348 1959 1513 2000 Ionicas
1535 1959 1693 2000 suffice-

256 2038 330 2078 ret,
353 2044 529 2084 eumque
551 2043 707 2070 morem
730 2029 772 2069 in
793 2028 1000 2083 prioribus
1019 2027 1197 2084 plagulis
1233 2028 1453 2069 tenuisse:''
1490 2027 1596 2078 haec,
1630 2028 1694 2068 in-

256 2111 394 2151 quam,
417 2106 633 2152 postquam
658 2097 861 2152 professus
882 2105 954 2146 est,
978 2096 1034 2137 sic
1054 2096 1232 2137 scribere
1252 2096 1403 2152 pergit:
1438 2101 1464 2121 ‘⁵
1489 2096 1572 2137 Sed
1593 2110 1694 2137 mox

256 2164 431 2206 instituti
452 2181 519 2206 me
540 2167 740 2221 poenitere
771 2167 917 2221 coepit3
948 2165 1150 2221 planeque
1180 2165 1371 2221 cognovi,
1406 2164 1691 2216 herodotum,

259 2235 431 2288 perinde
452 2250 499 2275 ac
521 2245 676 2276 ceteros
697 2236 914 2290 scriptores
932 2234 1117 2283 Graecos,
1140 2234 1361 2291 dialectum
1381 2233 1432 2274 ad
1454 2235 1694 2290 grammati-

262 2316 350 2341 cam
373 2305 541 2355 ἀκξὶβειαυ
576 2319 660 2344 non
694 2303 741 2344 ea
773 2303 956 2359 exegisse
993 2317 1086 2358 quae
1106 2302 1231 2358 vulgo
1264 2300 1444 2343 creditur
1465 2302 1694 2344 constantia

263 2378 384 2426 taque
404 2373 714 2426 perpetuitate.''

305 2510 550 2566 Priusquam
570 2511 801 2553 Schaeferus
817 2511 960 2552 utilem
982 2511 1100 2553 istam
1122 2525 1290 2566 operam
1306 2509 1532 2552 Herodoto
1547 2523 1699 2552 navare

271 2642 311 2662 ne
327 2632 445 2674 (quoad
457 2633 534 2663 mihi
545 2635 683 2675 quidem,
700 2637 806 2666 ambas
822 2635 966 2675 pluribus
1010 2643 1092 2667 sunt²
1138 2636 1246 2672 Quare
1270 2635 1304 2665 in
1319 2641 1423 2665 nostra
1441 2635 1600 2666 Varietate
1616 2635 1697 2666 Lec-

268 2690 303 2719 in
327 2688 404 2718 locis
430 2689 511 2719 inter
534 2700 566 2719 se
581 2690 781 2730 comparanti,
806 2691 966 2720 observare
1009 2688 1103 2719 tionis
1128 2694 1260 2729 utraque
1281 2687 1429 2719 Schaeferi
1443 2687 1538 2719 editio
1557 2696 1614 2728 pro
1629 2696 1693 2718 una

270 2742 415 2784 contigit)
432 2743 472 2774 ad
486 2744 667 2785 exemplum
681 2744 807 2776 alterius
831 2744 965 2784 expressi
1008 2740 1179 2782 eademque
1193 2740 1333 2771 habetur.
