1819 3121
10 756 237 801 JeQQ.

190 1939 215 1975 5

345 174 432 215 168
767 162 1253 213 HERODOTI

339 296 433 362 ἐῤῥεε
458 296 479 342 ὁ
501 295 610 352 οἶνος,
636 295 704 350 τῆν
744 297 923 355 κεφαλην
957 315 1026 359 μιν
1048 295 1284 343 κόπτεσθαι
1307 296 1483 358 μεγάλα
1506 298 1681 358 βοῶντα,
1707 301 1768 343 65

336 377 387 428 ὦς
409 375 484 422 οὐκ
507 373 655 435 ἔχοντα
689 373 785 438 πρδς
810 373 934 420 ὁκοῖον
957 378 1032 420 τῶν
1055 372 1141 419 ὄνων
1165 377 1315 437 πρῶτον
1339 374 1562 437 τράπηται.
1587 370 1683 425 τοὺς

337 451 378 498 δὲ
401 452 627 510 φυλάκους,
650 452 701 504 ῶς
734 450 821 497 ι’δεῑν
856 449 983 497 πολῦν
1018 449 1154 514 ῥέοντα
1177 449 1243 497 τᾶν
1269 450 1375 505 οἶνον,
1400 449 1619 514 συντρέχειν
1642 450 1681 502 ἐς

335 526 404 581 τῆν
428 525 526 583 ὁδδν,
551 527 715 587 ἀγγηΐα
738 527 920 587 ἐ’χοντας,
944 525 1019 572 καὶ
1041 525 1108 572 τόν
1127 526 1390 589 ἐκκεχυμένον
1413 526 1506 573 οἶνον
1530 544 1681 586 συγκο-

334 603 484 667 μίζειν,
509 605 544 650 ἐν
566 603 695 668 κέρδεϊ
711 605 980 666 ποιευμένους·
1005 601 1072 649 τὸν
1112 601 1152 649 δὲ
1189 602 1529 666 διαλοιδορέεσθαι
1565 603 1682 657 πᾶσι,

335 679 449 744 ὀργῆν
483 679 825 744 προσποιεύμενον.
863 679 1242 744 παραμυθευμένων
1276 678 1316 726 δὲ
1351 678 1474 726 αὐτὸν
1508 683 1583 725 τῶν
1607 691 1681 737 φυ-
1706 685 1769 729 70

333 758 483 812 λάκων,
518 756 642 819 χρόνῳ
673 756 920 820 πρηΰνεσθαι
945 756 1262 820 προσποιέεσθαι,
1293 755 1369 802 καὶ
1392 755 1579 803 ὑπίεσθαι
1613 759 1685 810 τῆς

334 833 464 897 ὀργῆς·
500 833 614 887 τέλος
638 833 690 889 δὲ,
716 835 903 889 ἐξελάσαι
928 833 1049 881 αὐτόν
1071 833 1166 887 τούς
1190 833 1296 887 ὅνους
1320 836 1366 881 ἐκ
1382 838 1454 888 τῆς
1477 833 1583 890 ὁδοῦ,
1607 833 1682 881 καὶ

332 911 672 972 κατασκευάζειν.
713 913 763 963 ῶς
800 910 839 958 δὲ
878 910 1028 971 λόγους
1067 930 1111 958 τε
1146 912 1310 964 πλείους
1332 911 1586 971 ἐγγίνεσθαι,
1609 911 1692 958 καί

333 1006 423 1033 τινα
445 986 522 1034 καὶ
543 987 726 1046 σκῶψαί
740 1007 809 1050 μιν
831 987 907 1034 καὶ
941 989 978 1040 ἐς
1012 988 1178 1048 γέλωτα
1214 987 1557 1051 προαγαγέσθαι,
1598 988 1683 1034 ἐπι-

333 1065 469 1111 δοῦναι
494 1066 651 1111 αὐτοῖσι
675 1069 749 1111 τῶν
785 1065 918 1111 ἀσκῶν
949 1064 1030 1111 ἕνα·
1056 1064 1151 1118 τους
1175 1064 1214 1112 δὲ
1239 1066 1383 1119 αὐτοῦ,
1407 1064 1538 1127 ῶσπερ
1561 1064 1681 1125 εἶχον,
1709 1069 1770 1115 75

332 1141 676 1195 κατακλιθέντας
684 1141 802 1189 πίνειν
811 1141 1076 1198 διανοέεσθαι,
1085 1141 1161 1188 καὶ
1176 1143 1310 1188 ἐκεῖνον
1325 1138 1684 1204 παραλαμὲάνειν,

332 1218 409 1265 καὶ
431 1218 601 1266 κελεύειν
624 1219 715 1282 μετ’
745 1219 894 1266 ἑωυτῶν
916 1219 1112 1282 μείναντα
1136 1219 1359 1282 συμπίνειν·
1396 1216 1462 1264 τδν
1503 1216 1543 1264 δὲ
1575 1235 1686 1265 πεισ-

333 1296 464 1349 θῆναί
479 1315 523 1342 τε
548 1295 606 1351 δῆ,
630 1295 707 1342 καὶ
727 1301 995 1359 καταμεῖναι.
1022 1298 1072 1348 ὦς
1096 1296 1135 1342 δέ
1156 1315 1225 1358 μιν
1257 1294 1373 1359 παροὶ
1390 1294 1458 1348 τῆν
1482 1294 1598 1342 πόσιν
1622 1307 1686 1354 φι-

331 1371 525 1436 λοφρόνως
559 1372 806 1436 ἠσπάζοντο,
834 1373 1039 1420 ἐπιδοῦναι
1065 1374 1223 1419 αὐτοῖσι
1242 1371 1318 1418 καὶ
1351 1371 1478 1418 ἄλλον
1512 1376 1586 1418 τῶν
1610 1372 1685 1418 ἀσ-

331 1454 419 1496 κῶν.
446 1449 626 1505 δαψιλέϊ
644 1448 684 1496 δὲ
706 1453 764 1511 τῶ
787 1453 902 1512 ποτῶ
924 1443 1197 1513 χρησαμένους
1212 1447 1308 1501 τούς
1323 1449 1547 1507 φυλάκους,
1567 1448 1685 1512 ὑπερ·
1711 1457 1773 1495 80

331 1527 611 1588 μεθυσθῆναι·
637 1524 713 1571 καὶ
734 1526 1018 1589 κρατηθέντας
1041 1524 1122 1571 ὑπδ
1147 1528 1221 1572 τοῦ
1244 1524 1387 1581 ὕπνου,
1414 1526 1546 1571 αὐτοῦ
1563 1526 1685 1573 ἐνθά-

332 1621 403 1666 περ
428 1602 552 1649 ἐ’πινον
575 1605 950 1665 κατακοιμηθῆναι.
977 1601 1044 1649 τὸν
1067 1601 1120 1658 δέ,
1145 1604 1196 1655 ὡς
1218 1601 1350 1666 πρόσω
1366 1601 1409 1655 ῆν
1432 1605 1504 1657 τῆς
1527 1601 1682 1660 νυκτδς,

329 1678 377 1726 τό
401 1697 445 1726 τε
469 1683 590 1742 σῶμα
614 1683 689 1725 τοῦ
710 1678 909 1737 ἀδελφεοῦ
931 1679 1189 1735 καταλῦσαι,
1213 1678 1289 1725 καὶ
1311 1683 1386 1725 τῶν
1404 1680 1598 1738 φυλάκων
1616 1680 1684 1728 ἐπὶ

329 1755 443 1819 λὺμῃ
466 1756 625 1802 πάντων
649 1759 813 1820 ξυρῆσαι
837 1755 916 1809 τὰς
939 1755 1070 1812 δεξιάς
1092 1756 1308 1820 παρηίδας·
1335 1756 1532 1803 ἐπιθέντα
1557 1757 1596 1804 δὲ
1614 1757 1681 1805 τόν

330 1832 439 1880 νέκυν
464 1833 531 1880 ἐπὶ
553 1833 648 1886 τούς
671 1832 791 1889 ὅνους,
816 1834 1054 1880 ἀπελαύνειν
1078 1832 1138 1880 ἐπ’
1166 1838 1289 1889 οἴκου,
1314 1833 1607 1881 ἐπιτελέσαντα
1630 1837 1683 1900 τῆ
1707 1845 1768 1884 85

329 1910 451 1975 μητρὶ
472 1909 531 1957 τοὶ
554 1910 888 1974 προσταχθέντα.
957 1910 1040 1957 Τδν
1064 1910 1103 1958 δὲ
1120 1911 1318 1974 βασιλέα,
1337 1912 1388 1964 ῶς
1404 1912 1519 1973 αὐτῶ
1542 1913 1648 1967 ἀπηο
1663 1943 1680 1952 -

110 1988 207 2030 Regis
222 1987 285 2018 filia
325 1989 466 2050 γέλθη
489 1993 563 2036 τοῦ
586 1988 709 2053 φωρός
733 1988 754 2035 ὁ
776 1989 886 2042 νέκυς
909 1989 1239 2052 ἐκκεκλεμμένος,
1265 1988 1369 2036 δεινοὶ
1392 1989 1548 2036 ποιέειν·
1574 1991 1676 2037 πάν-

108 2042 173 2074 quo
187 2042 261 2062 con-

107 2075 176 2106 silio
191 2086 209 2105 a
228 2085 284 2115 pa-

105 2124 153 2149 tre
172 2118 283 2158 prosti-

105 2166 182 2196 tuta,
207 2171 286 2202 quo-

106 2203 201 2235 modo
224 2215 242 2235 a
256 2204 308 2235 fu-

106 2256 139 2278 re
153 2247 269 2279 delusa.

329 2085 406 2119 τως
430 2064 470 2113 δὲ
493 2065 737 2130 βουλόμενον
760 2064 963 2130 εὑρεθῆναι
1000 2065 1108 2119 ὅστις
1129 2064 1224 2113 κοτὲ
1247 2069 1302 2120 εἴη
1327 2065 1348 2111 ὁ
1368 2070 1512 2112 ταῦτα
1534 2084 1677 2128 μηχα-

331 2144 507 2206 νώμενος,
535 2143 706 2198 ποιῆσαί
722 2163 792 2207 μιν
813 2143 926 2200 τάδε,
952 2143 1042 2207 ἐμοὶ
1062 2143 1133 2208 μὲν
1157 2145 1202 2190 οὐ
1220 2144 1368 2190 πιστά·
1387 2143 1455 2197 τῆν
1471 2143 1511 2190 δὲ
1534 2145 1678 2207 θυγα-

329 2219 424 2284 τέρα
448 2219 515 2274 τῆν
539 2219 688 2267 ἑωυτοῦ
709 2220 883 2267 κατίσαι
914 2221 976 2267 ἐπ’
1017 2221 1252 2283 οἰκηματος,
1288 2220 1555 2283 ἐντειλάμενον
1578 2222 1680 2268 πάν·
1703 2226 1768 2270 90

329 2316 409 2349 τας
431 2315 474 2344 τε
500 2296 643 2360 ὁμοίως
665 2296 976 2360 προσδέκεσθαι,
1000 2295 1076 2343 καὶ
1110 2295 1196 2361 πρὶν
1230 2297 1521 2357 συγγενέσθαι,
1546 2298 1678 2358 ἀναγ-

732 2372 799 2390 ΝΗ

294 2404 297 2406 -
329 2373 470 2437 κάζειν
491 2374 621 2434 λέγειν
645 2375 751 2437 αὐτη
777 2392 797 2419 ο
819 2393 860 2420 τι
884 2372 930 2427 δῆ
954 2374 988 2420 ἐν
1007 2376 1063 2436 τῶ
1086 2372 1166 2437 βίῳ
1189 2373 1388 2438 ἐ’ργασται
1412 2375 1527 2436 αὐτῶ
1550 2375 1678 2433 σοφώ-

330 2470 454 2497 τατον
495 2450 572 2497 καὶ
605 2451 884 2498 ἀνοσιώτατον·
925 2450 964 2504 ὃς
997 2450 1028 2497 δ’
1057 2448 1105 2496 ἂν
1130 2451 1396 2511 ἀπηγησηται
1418 2448 1477 2497 τοὶ
1500 2450 1587 2514 περὶ
1609 2449 1677 2497 τόν

331 2533 444 2589 φῶρα
462 2529 723 2592 γεγενημένα,
741 2533 882 2576 τοῦτον
899 2526 1215 2591 συλλαμζάνειν,
1231 2528 1305 2575 καὶ
1322 2527 1382 2592 μὴ
1399 2527 1563 2575 ἀπιέναι
1587 2528 1673 2583 ἔξω.

330 2608 381 2659 ὦς
406 2606 444 2653 δὲ
484 2606 552 2660 τῆν
587 2607 721 2654 παῖδα
752 2606 891 2654 ποιέειν
913 2605 970 2653 τοὶ
993 2607 1039 2653 ἐκ
1062 2611 1137 2654 τοῦ
1159 2606 1314 2670 πατρὸς
1337 2605 1675 2670 προσταχθέντα,
1701 2611 1763 2653 95

331 2680 398 2729 τᾶν
421 2687 533 2746 φῶρα
556 2683 785 2746 πυθόμενον
801 2687 876 2729 τῶν
899 2683 1026 2730 εἵνεκα
1043 2687 1185 2730 ταῦτα
1208 2684 1435 2747 ἐπρῇσσετο,
1453 2683 1678 2747 βουληθέν-

332 2779 389 2806 τα
413 2760 664 2823 πολυτροπίῃ
701 2765 775 2807 τοῦ
811 2763 1010 2823 βασιλῆος
1050 2760 1345 2824 περιγενέσθαι,
1386 2760 1526 2807 ποιέειν
1566 2760 1675 2808 τάδε.
