1763 3116
649 153 653 215 f
666 171 943 205 PRAEFATIO.
1506 165 1540 212 li

164 297 324 340 Praeter
343 302 522 352 quatuor
540 295 640 339 istos
658 298 850 351 Codices,
875 299 1057 357 integras
1071 300 1284 345 Herodoti
1306 302 1453 347 Musas
1471 320 1546 349 ex-

103 366 303 417 hibentes,
320 366 452 407 nostri
471 380 614 409 caussa
633 367 745 410 idem
765 376 906 412 noster
936 369 1100 413 sedulus
1121 371 1416 417 Parisiensium
1431 375 1546 418 codi-

99 452 196 479 cum
218 436 452 493 speculator
480 436 677 480 lectiones
706 440 832 482 etiam
852 443 1050 497 {quasque
1081 441 1285 484 notabiles
1312 459 1365 486 ex
1388 445 1547 489 Codice

101 507 206 564 Reg.
228 519 361 548 McDV.
382 508 602 563 excerpsit,
634 523 718 565 quo
746 509 886 551 multis
907 525 1003 552 cum
1023 509 1113 552 aliis
1145 510 1393 554 Graecorum
1415 514 1543 570 scrip-

97 576 150 618 tis
170 576 406 618 continetur
426 591 521 632 pars
551 578 699 633 primae
730 578 869 621 Musae
891 579 1167 631 Herodoteae,
1199 595 1224 622 a
1243 595 1334 637 cap.
1357 581 1391 623 Ι.
1414 597 1543 639 usque

96 645 143 687 in
173 645 356 687 medium
388 661 479 702 cap.
512 648 579 688 87.
611 647 857 689 Admodum
886 647 1055 704 quidem
1085 664 1228 692 recens
1257 650 1292 691 is
1312 650 1446 692 codex
1466 660 1540 701 est,

92 729 218 771 quem
237 729 314 756 nos
329 714 428 756 nota
447 715 577 757 Paris.
600 716 651 757 E.
665 717 749 758 sive
771 716 843 758 Pe.
864 717 1149 760 distinximus:
1175 726 1231 769 at,
1253 733 1348 775 quae
1369 719 1538 776 quidem

90 784 158 826 ille
180 783 426 826 Herodotea
455 785 639 837 exhibet,
671 802 720 828 ea
749 802 773 828 e
800 787 1093 841 probatissimo
1122 795 1260 830 vetere
1289 789 1434 832 codice
1461 790 1534 832 de-

92 853 245 909 scripta
265 869 351 895 esse
371 855 562 911 cognovi.

149 991 361 1047 Denique,
387 1006 510 1047 quem
545 992 847 1050 W⁷esselingius
880 995 924 1035 in
953 994 1198 1050 praefatione
1232 1010 1534 1039 commemora-

87 1060 147 1102 vit
168 1060 369 1102 Codicem
390 1061 434 1102 in
467 1060 772 1104 Bibliothecam
806 1063 989 1120 Regiam
1009 1064 1231 1106 novissime
1250 1065 1426 1116 illatum,
1449 1081 1534 1122 quo

87 1144 142 1172 ex
163 1129 376 1171 Herodoti
405 1129 542 1171 Musis
563 1129 816 1187 Fragmenta
845 1130 960 1172 haud
988 1146 1122 1186 pauca
1149 1133 1207 1173 ait
1225 1134 1443 1184 contineri,
1462 1148 1534 1175 cu-

76 1201 146 1256 jus
166 1199 236 1240 ille
254 1198 406 1253 passim
428 1199 552 1239 etiam
565 1198 787 1254 scripturas
804 1199 849 1240 in
869 1199 970 1240 Var.
988 1200 1106 1241 Lect.
1128 1200 1325 1250 laudavit,
1349 1202 1532 1257 ejusdem

86 1267 254 1311 Codicis
289 1268 332 1309 in
356 1282 477 1309 usum
498 1277 652 1309 nostrae
677 1268 868 1310 editionis
899 1269 1152 1321 excutiendi,
1181 1285 1257 1325 per
1296 1270 1422 1312 Hasii
1455 1272 1532 1314 viri

81 1337 296 1380 clarissimi
327 1336 672 1388 benevolentiam,
706 1337 955 1380 Graecorum
985 1339 1132 1396 Regiae
1166 1339 1442 1383 Bibliothecae
1462 1356 1531 1383 co—

81 1406 223 1448 dicum
243 1415 465 1448 msstorum
486 1406 716 1457 custodem,
739 1407 861 1463 copia
880 1406 988 1449 facta
1016 1416 1077 1449 est
1098 1408 1208 1449 Lud·
1241 1408 1382 1451 Henr.
1404 1410 1527 1466 Hey-

80 1475 167 1518 lero
202 1476 390 1525 nostrati,
422 1475 587 1518 erudito
617 1476 776 1532 juveni,
809 1476 1043 1518 studiorum
1064 1492 1207 1520 caussa
1237 1478 1406 1521 Parisiis
1425 1488 1527 1523 tunc

80 1545 277 1587 versanti:
313 1545 385 1601 qui
400 1544 604 1600 quidquid
624 1545 693 1586 hic
708 1545 843 1587 codex
863 1545 1122 1603 Eclogarum
1143 1548 1330 1590 continet
1349 1563 1403 1591 ex
1434 1549 1528 1592 He-

81 1615 225 1657 rodoti
246 1613 382 1656 Musis
398 1621 702 1669 excerptarum,
719 1613 763 1655 id
778 1629 874 1656 cum
889 1615 1081 1670 exemplo
1097 1616 1439 1674 Wesselingiano
1460 1618 1534 1663 di-.

81 1684 257 1742 ligenter
277 1683 467 1734 contulit,
496 1683 858 1740 discrepantesque
878 1684 933 1725 ad
963 1700 1031 1726 me
1050 1686 1277 1729 transmisit
1314 1687 1525 1730 lectiones.

79 1752 210 1810 Cujus
230 1753 385 1795 codicis
404 1752 600 1794 lectiones
621 1753 741 1795 sicuti
759 1770 784 1795 a
806 1754 1089 1812 Wesselingio
1119 1756 1163 1797 in
1184 1756 1284 1798 Var.
1307 1756 1426 1799 Lect.
1447 1757 1526 1800 hac

77 1821 178 1864 nota
201 1822 370 1879 Fragm.
394 1821 526 1863 Paris.
547 1821 755 1863 distinctae
777 1830 884 1873 sunt,
907 1823 965 1865 sic
981 1831 1021 1864 et
1042 1838 1132 1875 nos,
1155 1824 1285 1866 sicubi
1305 1825 1526 1868 nonnullas

78 1891 493 1934 commemoravimus
514 1891 567 1933 ab
597 1891 666 1933 illo
681 1892 911 1948 praeteritas
931 1900 1003 1934 aut
1022 1893 1236 1949 paululum
1268 1895 1320 1936 ab
1340 1894 1404 1936 his
1425 1911 1527 1952 quas

75 1961 147 2003 ille
167 1961 354 2003 ediderat
373 1960 670 2017 discrepantes,
692 1960 838 2003 eadem
868 1961 968 2004 nota
989 1971 1061 2004 aut
1075 1963 1255 2005 breviori
1276 1963 1355 2006 hac
1376 1964 1440 2006 Pf.
1461 1966 1524 2007 in-

79 2030 336 2088 signivimus.

136 2179 278 2230 Quem
305 2179 512 2222 Codicem
548 2178 648 2221 nota
692 2180 740 2222 F.
770 2179 955 2230 distinxi,
989 2180 1330 2224 membranaceus
1357 2182 1426 2224 ille
1446 2191 1519 2235 est,

76 2247 175 2290 olim
219 2247 498 2298 Florentinus,
536 2248 651 2305 cujus
677 2263 845 2290 usuram
879 2249 932 2290 ad
962 2248 1076 2292 hunc
1105 2265 1234 2307 usque
1268 2252 1380 2294 diem
1416 2253 1520 2295 mihi

75 2330 311 2359 concessam
369 2316 578 2358 Creuzero
624 2316 771 2368 debeo,
811 2325 853 2360 et
900 2317 1067 2360 illustris
1119 2320 1517 2365 SCHELLERSHEMH

73 2387 288 2430 beneficio.
334 2387 593 2431 Vetustatem
630 2389 715 2445 ejus
750 2405 879 2446 quum
914 2391 1004 2447 ipsa
1035 2393 1373 2436 membranarum
1417 2410 1517 2438 con-

73 2458 177 2500 ditio
197 2457 394 2508 declarat,
426 2465 517 2499 tum
546 2459 740 2515 antiquus
774 2461 991 2516 scripturae
1021 2462 1233 2513 modulus3
1253 2464 1312 2506 ita
1345 2465 1515 2521 quidem

73 2537 118 2570 ut
133 2543 301 2584 prorsus
321 2526 425 2568 mihi
440 2527 629 2570 videatur
645 2529 756 2571 idem
778 2530 864 2585 ipse
887 2530 1035 2572 Codex
1056 2546 1157 2584 esse,
1179 2534 1296 2590 cujus
1318 2533 1444 2576 Bern.
1462 2535 1516 2577 de

74 2597 351 2640 Montfaucon
396 2597 440 2637 in
478 2596 678 2639 Biblioth.
716 2598 1012 2642 Bibliothecar.
1049 2600 1103 2642 T.
1141 2601 1175 2643 I.
1208 2617 1303 2660 pag.
1338 2609 1438 2645 414.
1471 2619 1513 2646 D.

72 2666 134 2709 his
155 2666 288 2710 verbis
308 2666 519 2717 meminit3
558 2666 706 2709 Codex
737 2667 904 2726 elegans
926 2669 984 2711 X.
1003 2669 1129 2713 seculi
1149 2672 1510 2716 membranaceus:
