1763 3116
602 193 873 225 PRAEFATIO·
1374 194 1475 225 XXV

17 310 155 361 obvio,
199 320 277 360 ΗΡ,
321 318 433 358 ΗΡΟ,
476 317 624 350 ΗΡΟΔ.
664 316 809 350 notare
852 307 1134 358 Herodotum,
1178 308 1466 361 Herodorum,

20 379 330 429 Herodianum,
368 385 536 434 queunt.
597 376 702 418 Inde
732 391 847 418 error
876 387 917 418 et
948 376 1152 418 confusio:
1186 378 1284 419 hinc
1309 378 1465 433 jactata

17 451 137 492 toties
179 448 388 490 Herodoti
427 448 670 504 fragmenta,
717 461 824 487 verae
867 446 1081 487 Herodori
1116 454 1187 487 aut
1228 446 1466 488 Herodiani

18 517 204 567 laciniae3
239 515 588 573 quemadmodum
633 515 677 555 in
717 514 1018 556 Dissertatione
1064 514 1310 556 Herodotea
1344 514 1466 570 liqui-

17 585 196 635 dissime,
220 592 266 626 ut
285 584 449 640 opinor,
472 582 670 638 patefeci:
701 593 865 638 questus
885 583 1037 625 ibidem
1055 598 1146 625 sum
1166 583 1218 624 de
1239 583 1465 624 doctissimi

18 655 109 698 Des
129 654 328 712 Vignoles
355 654 380 678 ²*
407 652 657 709 inprudente
682 652 848 694 decreto
879 668 1002 710 super
1026 654 1196 696 interitu
1219 654 1460 710 Assyriaco-

20 738 129 775 rum,
150 722 203 765 de
224 723 374 780 quibus
395 722 605 765 hactenus.

80 859 193 902 Haec
211 859 264 901 de
295 857 505 900 Herodoti
527 857 625 899 Vita
648 857 901 915 Scriptisque
923 859 1282 903 WESSE'LINGIUs·
1344 861 1465 903 Idem

19 935 311 986 argumentum
342 925 501 968 erudite
530 926 774 983 copioseque
804 928 1038 972 Larcherus
1068 931 1192 972 etiam
1218 930 1259 970 in
1292 930 1466 971 introitu

24 997 202 1040 Gallicae
221 996 418 1039 versionis
437 998 712 1051 pertractavit.
773 997 842 1039 De
864 999 1052 1041 universo
1073 1015 1171 1042 vero
1190 999 1339 1041 harum
1362 998 1469 1041 Hisz

18 1065 222 1108 toriarum
242 1065 442 1115 instituto,
474 1073 515 1108 et
534 1064 587 1107 de
616 1065 791 1107 mirabili
811 1074 899 1109 arte
928 1083 1009 1125 qua
1034 1068 1133 1110 illud
1163 1076 1377 1109 exsecutus
1407 1074 1468 1108 est

22 1135 283 1178 suavissimus
318 1134 505 1189 scriptor,
547 1134 589 1175 in
623 1135 765 1189 primis
797 1135 878 1192 legi
911 1145 1090 1178 meretur
1120 1151 1245 1191 supra
1273 1135 1463 1177 laudatus

22 1204 219 1247 Creuzeri
238 1203 369 1246 nostri
382 1203 487 1245 liber
506 1204 576 1260 qui
611 1203 665 1245 de
690 1203 881 1247 Historia
909 1206 1013 1248 Arte
1043 1206 1292 1248 Graecorum
1320 1204 1464 1246 inscri-

23 1273 151 1316 bitur.
166 1278 193 1327 †

66 1419 86 1439 ἢ
99 1407 293 1448 chronolog.
306 1407 360 1439 lib·
377 1407 440 1439 IV·
453 1411 482 1446 4,
501 1412 531 1440 6.
545 1413 604 1439 etc·
769 1412 860 1443 Actis
882 1412 982 1443 Acad.
1006 1412 1087 1454 Reg.
1111 1411 1252 1443 Berolin.
1272 1421 1346 1442 ann.
1370 1412 1408 1442 17
1413 1412 1467 1442 92·

69 1465 91 1506 †
109 1462 316 1495 Consuluisse
353 1462 447 1494 etiam
485 1462 608 1504 juvabit
646 1462 724 1495 duas
767 1475 800 1499 et
824 1471 915 1501 1793.
936 1479 967 1509 p.
988 1470 1060 1502 574.
1084 1478 1169 1511 seqq.
1189 1473 1221 1500 et
1234 1479 1265 1509 p.
1286 1470 1359 1500 599.
1380 1475 1464 1508 seqq.

32 1517 333 1554 commentationes,
380 1523 507 1549 auctore
546 1517 724 1551 Meierottm
769 1524 910 1555 insertas.

32 1573 94 1606 Sur
105 1572 271 1606 Herodote
284 1579 316 1605 et
331 1573 362 1604 le
376 1574 435 1605 but
448 1573 489 1605 de
502 1583 560 1605 son
576 1573 726 1605 Histoire,

81 2854 164 2887 Von.
183 2855 199 2886 Ι
204 2877 211 2887 .
726 2856 748 2890 d
