1763 3116
257 206 340 255 viii
870 220 1138 253 PRAEFATm.

250 347 284 388 si
306 346 396 402 quis
417 345 532 394 alius,
554 343 663 385 hanc
684 343 760 384 sibi
789 344 951 385 veniam
972 345 1178 393 sumsisse3
1202 350 1257 394 et,
1277 343 1461 400 quamvis
1481 343 1591 386 idem
1612 360 1688 401 op-

252 416 352 457 tima
374 414 529 456 Ionicae
558 413 720 454 dialecti
741 428 888 455 norma
907 415 1056 456 merito
1090 414 1266 464 dicatur,
1283 417 1306 438 *
1339 421 1494 465 tamen,
1530 423 1576 456 ut
1596 415 1685 457 aliis

249 474 389 525 multis
402 483 548 533 modis,
566 488 591 535 †
611 483 668 523 sic
689 491 729 524 et
749 482 829 524 hoc
850 483 939 538 ipso
969 484 1011 524 in
1032 498 1183 540 genere
1203 483 1473 525 variationem
1493 484 1682 527 consulto

249 568 334 594 esse
355 560 551 594 secutum.
613 552 711 601 Quo
742 552 876 593 minus
897 567 1049 594 caussae
1070 568 1155 594 esse
1184 552 1373 608 equidem
1389 552 1585 608 judicavi,
1608 568 1682 595 cur

246 622 463 676 perspicua
482 622 526 662 in
545 620 653 662 hanc
674 629 830 676 partem
856 621 1137 679 Hermogenis
1158 621 1295 671 verba,
1312 626 1336 674 ‡
1363 636 1449 662 non
1468 636 1589 676 pura,
1612 622 1683 664 sed

245 690 378 731 mixta
397 690 573 731 dialecto
592 689 797 744 scripsisse
820 690 1086 732 Herodotum
1108 690 1305 740 docentis,
1328 704 1423 731 cum
1446 689 1682 732 doctissimo

247 758 529 815 Wesselingio
547 765 690 799 nostro
710 762 728 811 ᾗ
748 758 868 800 aliam
888 759 931 800 in
951 768 1111 815 partem
1131 760 1509 814 interpretaremur.

301 902 373 944 Ad
392 902 642 944 Varietatem
660 901 869 944 Lectionis
885 904 996 960 quod
1011 907 1189 959 spectans
1199 903 1310 944 idem
1332 903 1682 945 WESSELINGIUS

244 970 288 1010 in
309 986 381 1012 sua
403 971 665 1021 Praefatione‚
687 972 885 1013 continuo
904 981 998 1027 post
1019 972 1143 1013 verba
1164 972 1348 1026 superius
1369 971 1569 1026 adposita,
1586 969 1678 1010 haec

243 1039 429 1094 subjecit:
464 1046 492 1067 “
517 1041 585 1081 Ex
605 1048 817 1090 contextu,
839 1041 901 1081 uti
921 1050 1083 1091 vocant,
1100 1055 1193 1096 quae
1214 1040 1499 1090 exterminavi,
1522 1039 1679 1095 relega-

245 1113 272 1133 “
291 1114 334 1148 ta
356 1107 399 1147 in
420 1107 639 1150 Variantes
669 1117 763 1150 sunt
793 1108 1029 1158 Lectione53
1061 1108 1353 1164 copiosissime,
1382 1123 1465 1164 quo
1486 1105 1680 1149 censendi

243 1181 274 1201 ‘⁶
295 1174 466 1217 facultas
485 1176 604 1227 foret,
627 1177 845 1231 adpositas.
888 1177 986 1226 Qua
1006 1178 1173 1233 quidem
1194 1178 1237 1218 in
1262 1192 1307 1218 re
1326 1177 1432 1217 nihil
1451 1175 1549 1217 novi
1569 1188 1677 1230 prae-

242 1249 271 1270 “
292 1252 435 1300 terque
456 1245 796 1287 consuetudinem
818 1246 1075 1288 machinatus
1089 1246 1159 1288 fui.
1193 1246 1488 1302 Conquirimus
1509 1244 1680 1285 sollicita

243 1317 270 1339 ‘⁶
289 1327 390 1354 cura
419 1321 460 1355 et
479 1314 673 1369 impensis
697 1315 844 1370 amplis
865 1315 1043 1357 diversas
1072 1315 1409 1357 membranarum
1430 1314 1677 1369 scripturas;

241 1387 273 1408 ‘⁶
295 1382 361 1423 cui
382 1383 550 1424 tandem
581 1383 706 1433 bono,
743 1384 774 1425 si
806 1384 865 1425 uti
900 1384 980 1425 illis
1013 1384 1125 1426 nefas
1159 1383 1538 1440 putetur?’'-Nos,
1567 1395 1679 1423 eam-

239 1450 334 1492 dem
376 1466 470 1493 cum
512 1452 616 1493 Viro
647 1453 884 1494 doctissimo
913 1454 1116 1495 rationem
1156 1454 1296 1504 secuti,
1324 1451 1591 1495 Lectionibus
1625 1450 1678 1492 ab

237 1518 306 1560 illo
340 1520 510 1575 prolatis
544 1520 631 1571 has,
669 1537 769 1577 quas
790 1523 920 1563 nostri
947 1523 1114 1578 insuper
1146 1522 1321 1563 Codices
1341 1530 1383 1563 et
1413 1512 1678 1567 notabiliores

238 1588 467 1630 offerebant
488 1589 717 1640 Editiones‚
741 1590 857 1646 larga
877 1605 1004 1631 manu
1035 1591 1271 1645 adjecimus.
1334 1590 1422 1639 Qui
1447 1597 1576 1631 artem
1598 1589 1677 1630 cri-

239 1658 362 1699 ticam
383 1659 622 1716 attigerunt,
645 1667 685 1700 et
705 1659 748 1700 in
770 1660 994 1701 tractandis
1015 1660 1182 1716 vetustis
1203 1659 1415 1701 codicibus
1434 1658 1498 1699 vel
1518 1656 1675 1698 medio-

235 1727 357 1768 criter
378 1736 472 1769 sunt
494 1728 654 1778 versati,
673 1729 768 1769 satis
784 1728 826 1768 hi
849 1737 1016 1779 norunt,
1039 1729 1163 1770 etiam
1184 1727 1536 1769 vitiosissimarum
1557 1734 1676 1768 nota-

236 1796 391 1836 tionem
426 1795 674 1838 Lectionum
706 1797 975 1852 multiplicem
1006 1812 1127 1853 posse
1161 1812 1281 1839 usum
1309 1804 1531 1852 praestare3
1563 1804 1604 1837 et
1623 1809 1677 1836 ex

234 1863 373 1905 medio
405 1863 519 1905 furno
540 1865 811 1922 tenebrisque,
843 1881 944 1922 quas
979 1865 1244 1907 librariorum
1277 1865 1338 1906 vel
1373 1864 1589 1906 oscitantia
1609 1862 1674 1904 vel

235 1933 441 1974 temeritas
470 1933 535 1974 vel
561 1934 797 1991 ignorantia
824 1935 986 1976 obfudit
1012 1935 1205 1992 genuinae
1236 1934 1415 1975 auctoris
1445 1934 1672 1988 scripturae,

234 2001 490 2056 inopinatam
521 2002 694 2044 subinde
715 2004 849 2045 lucem
879 2004 992 2045 oriri.
1056 2003 1338 2045 Constitutum
1364 2001 1467 2044 mihi
1486 2010 1575 2043 erat
1595 2001 1674 2042 ini-

235 2069 309 2120 tio,
332 2070 388 2111 eis
409 2071 452 2111 in
472 2070 584 2122 locis,
607 2072 679 2113 ubi
709 2073 761 2114 de
782 2072 931 2114 selectu
962 2088 1013 2114 ex
1033 2073 1202 2114 diversis
1230 2071 1498 2114 Lectionibus
1522 2070 1675 2113 facien-

234 2138 290 2178 do
305 2139 484 2181 incertus
503 2139 667 2181 fuissem
687 2141 788 2196 ipse,
810 2150 882 2183 aut
897 2141 969 2183 ubi
990 2141 1143 2198 ambigi
1165 2141 1217 2183 ab
1238 2140 1325 2182 aliis
1347 2155 1432 2182 non
1454 2140 1541 2182 sine
1553 2155 1669 2182 caus-

234 2221 278 2247 sa
297 2222 415 2262 posse
436 2208 658 2260 videretur,
680 2210 772 2251 illas
799 2210 1036 2261 Lectiones,
1069 2225 1162 2266 quae
1183 2225 1207 2251 a
1227 2225 1293 2251 me
1314 2209 1502 2265 sepositae
1522 2210 1671 2260 forent,

234 2275 311 2330 ipsi
332 2277 470 2317 statim
491 2278 703 2319 contextui
735 2278 916 2334 qualibet
936 2279 979 2320 in
1000 2280 1158 2336 pagina
1179 2279 1389 2334 subjicere.
1452 2278 1535 2320 Sed
1557 2286 1671 2320 tanta

233 2342 311 2384 fuit
340 2344 460 2400 hujus
496 2347 656 2402 generis
676 2347 917 2399 multitudo,
940 2356 985 2389 ut
1005 2349 1048 2388 in
1068 2347 1146 2388 hac
1166 2348 1394 2402 praesertim
1415 2347 1567 2389 minori
1587 2347 1671 2387 for-

233 2426 314 2462 ma,
337 2428 417 2468 qua
448 2414 588 2469 prodit
612 2414 702 2456 haec
737 2416 877 2465 editio,
911 2416 1085 2457 nimium
1119 2416 1238 2471 spatii
1270 2415 1509 2457 absumtura
1528 2415 1668 2457 fuisset

233 2480 303 2521 illa
338 2482 459 2532 ratio,
496 2497 650 2540 magno
682 2483 948 2526 incommodo
978 2484 1186 2540 taedioque
1207 2484 1497 2540 plerorumque
1518 2483 1668 2526 Lecto-

277 2610 292 2625 *
315 2608 468 2651 Ἠξὸδατσς,
484 2611 535 2643 τῆς
557 2609 646 2645 Ἰάδος
669 2610 823 2643 διαλέκτου
845 2613 922 2654 ligio·-

233 2675 279 2696 e03
291 2663 390 2693 κανών.
403 2663 534 2704 Dionys.
548 2664 652 2696 Halic.
665 2665 763 2705 Epist.
775 2666 815 2697 ad
826 2667 922 2697 Pom-

232 2717 290 2754 pei.
308 2716 389 2756 Opp.
406 2717 444 2748 T.
461 2718 522 2748 Vl.
538 2718 586 2749 ed.
598 2719 704 2751 Reisk.
720 2731 749 2760 p.
766 2723 837 2752 775.

274 2769 294 2808 †
318 2768 402 2798 Vide
425 2769 572 2800 eumdem
598 2771 732 2812 Dionys,
750 2771 789 2802 de
822 2773 922 2804 Com-

233 2830 299 2860 pos.
314 2821 444 2853 Verbor.
459 2834 524 2863 cap.
542 2828 589 2856 19.
608 2825 647 2856 T.
664 2826 702 2857 V.
719 2837 748 2866 p.
766 2830 835 2858 153.
857 2838 921 2869 seq.

276 2877 291 2917 ‡
316 2876 471 2919 Hermog.
488 2878 527 2909 de
542 2880 664 2910 Formis
691 2881 850 2913 Orationis
867 2883 920 2914 lib·

239 2925 288 2957 ΙΙ.
300 2936 368 2967 pag.
385 2932 461 2961 515.
475 2930 582 2971 coll-p.
598 2934 670 2964 406.

1018 2612 1037 2651 ἕ
1065 2612 1196 2643 Dissert.
1240 2611 1430 2647 Herodotea,
1454 2621 1484 2650 p.
1508 2614 1577 2642 147.
1604 2621 1667 2652 seq.

981 2665 1182 2702 Schaeferum,
1199 2665 1303 2695 virum
1325 2664 1365 2695 de
1389 2665 1545 2704 Scriptore
1560 2671 1667 2696 nostro

977 2720 1123 2758 praeclare
1145 2719 1303 2755 meritum,
1327 2724 1491 2759 postquam
1516 2718 1549 2748 in
1570 2718 1664 2749 eden-

977 2774 1024 2805 dis
1041 2775 1145 2805 Musis
1161 2775 1307 2814 coepisset,
1325 2773 1461 2813 expulsis
1470 2773 1585 2814 ubique
1601 2774 1663 2804 for-

977 2830 1035 2860 mis
1073 2832 1238 2861 verborum
1265 2829 1496 2865 communibus,
1539 2829 1664 2860 Ionicas

974 2882 1163 2912 substituere
1185 2882 1308 2917 formas,
1332 2892 1405 2912 mox
1428 2881 1559 2911 meliora
1572 2881 1664 2911 edoc-

975 2940 1042 2967 tum
1060 2935 1206 2977 abjecisse
1223 2936 1367 2970 novimus
1389 2935 1474 2970 istud
1488 2934 1657 2967 consilium
