1763 3116
646 186 916 218 PRAEFATIO·
1399 172 1497 203 xvn

72 315 174 364 γαθος
205 313 341 362 γίνεται,
374 310 634 361 ἐξεπιστάμενος,
666 311 793 356 μνήμην
822 311 856 347 οῦ
891 309 1076 354 ποιήσομαι·
1106 306 1138 343 εὖ
1169 307 1259 348 εἰδὼς
1278 306 1325 341 ὅτι
1350 305 1427 340 τοῖσι
1444 302 1493 345 μὴ

68 376 271 427 ἀπιγμένοισι
299 377 329 417 ἐς
362 377 417 419 τὴν
451 374 664 422 Βαβυλωνίην
695 377 805 427 χώςην
825 376 886 411 καὶ
913 376 959 411 τὰ
977 372 1123 425 εἰρημένα,
1148 373 1281 422 καρπῶν
1300 371 1445 421 ἐχόμενα,
1463 366 1496 409 ’ἐς

69 445 218 486 ἀπιστίην
235 443 364 485 πολλὴν
378 444 532 480 ἀπῖκται.
607 447 619 467 ‘
641 440 709 481 Ex
748 439 862 480 milio
892 446 1029 480 autem
1064 444 1104 477 ct
1160 450 1316 477 sesamo
1368 447 1497 489 quan-

71 518 125 551 tae
158 510 414 564 proceritatis
446 509 569 550 arbor
598 516 753 565 surgat,
785 508 859 549 etsi
888 507 1017 562 probe
1039 504 1140 546 mihi
1160 510 1385 558 comperta,
1413 515 1499 542 me-

71 593 233 619 morare
267 579 531 633 supersede03
579 578 683 619 bene
726 591 891 633 gnarus,
927 576 991 625 iis,
1027 575 1098 630 qui
1130 586 1344 628 nunquam
1361 571 1500 626 Baby-

71 646 250 687 lonicam
278 646 490 702 regionem
521 645 722 696 adierunt,
751 659 844 700 quae
870 644 922 685 de
940 644 1125 699 frugibus
1147 642 1257 692 dicta
1277 648 1383 689 sunt,
1406 654 1500 694 per-

73 728 198 769 quam
225 714 480 755 incredibilia
509 714 641 755 visum
672 714 736 755 iri.
816 712 938 754 Talia
959 718 1293 753 commentantem
1333 708 1502 765 negabi-

73 797 164 823 mus
199 797 343 824 earum
373 797 512 823 rerum
542 791 686 824 testem
717 781 839 823 fuisse
874 779 1106 822 oculatum?
1135 780 1293 820 Verum
1313 779 1390 819 ista
1410 792 1504 818 eru·

77 850 165 891 dito
186 850 287 900 viro,
310 851 439 892 nimio
462 850 611 892 Ctesiae
646 865 789 891 amore
820 851 863 890 in
896 858 1172 890 transversum
1199 848 1387 901 abrepto,
1404 861 1501 887 con-

76 917 288 959 donemus.

125 1051 384 1103 Herodotus,
394 1053 485 1094 visis
499 1061 559 1095 tot
574 1053 826 1110 regionibuS,
835 1054 1005 1097 urbibus
1020 1062 1061 1095 et
1075 1052 1293 1095 hominum
1307 1050 1503 1101 moribus,

78 1121 122 1161 in
155 1120 325 1162 Samum
346 1136 542 1169 reversus,
573 1136 666 1176 quae
686 1123 739 1162 ad
768 1123 919 1164 sedulae
940 1123 1027 1177 apis
1055 1123 1181 1162 instar
1213 1121 1394 1175 undique
1424 1119 1508 1160 col-

77 1187 244 1246 legerat,
266 1190 425 1244 scriptis
440 1190 697 1245 consignare,
717 1191 845 1231 Suida
866 1199 1045 1240 auctore,
1063 1191 1268 1245 ingressus
1287 1188 1375 1229 fuit.
1438 1188 1508 1228 In-

78 1266 192 1299 tento
212 1267 349 1299 autem
378 1259 444 1299 isti
463 1260 632 1315 negotio
652 1273 743 1313 spes
776 1259 1117 1300 Halicarnassum
1138 1258 1355 1314 tyrannico
1376 1256 1510 1297 donii—

76 1335 177 1368 natu
195 1326 397 1368 liberandi
417 1326 600 1375 adfulsit3
633 1342 829 1382 quorsum
857 1328 994 1370 delato
1014 1343 1078 1369 res
1107 1327 1210 1367 bene
1230 1326 1360 1367 cessit.
1423 1325 1510 1366 Ex-

78 1396 217 1450 pulsus
237 1395 345 1437 enim
367 1396 593 1453 Lygdamis
614 1405 685 1446 est,
709 1404 750 1437 et
762 1397 917 1439 civibus
933 1412 1052 1453 aequa
1072 1396 1194 1437 rediit
1213 1395 1378 1436 libertas
1390 1411 1400 1443 3
1427 1395 1512 1445 sed,

81 1464 138 1505 uti
158 1464 221 1515 fit,
238 1464 434 1505 factiones
454 1465 658 1506 civitatem
678 1466 944 1517 miscuerunt,
975 1465 1211 1521 invidiaque
1230 1463 1511 1516 liberatorem,

81 1532 258 1575 factiosis
276 1533 446 1574 fortasse
474 1548 655 1589 gravem,
687 1535 862 1576 incessit.
926 1536 1038 1577 Tum
1060 1535 1234 1590 patriam
1256 1534 1432 1589 reliquit,
1451 1536 1515 1576 in-

83 1617 163 1657 que
185 1602 393 1643 Graeciam
424 1601 608 1642 tetendit.
671 1602 772 1644 Huc
802 1605 1011 1658 pertinent
1042 1603 1216 1645 Luciani
1238 1604 1331 1652 ista,
1365 1607 1387 1626 ἢ
1409 1602 1515 1643 diffi-

85 1670 178 1711 cilia
207 1670 449 1725 quibusdam
482 1670 687 1712 intellectu
700 1672 795 1721 visa,
828 1672 978 1715 πλεύσας
997 1674 1066 1724 7⁶⁶3
1085 1672 1196 1710 οἴκοθεν
1217 1669 1462 1712 Herodotus
1482 1677 1518 1712 ἐκ

85 1741 145 1783 τῆς
166 1741 299 1792 Καρίας
318 1741 387 1777 εὐθὺ
415 1741 474 1783 τῆς
501 1740 689 1785 Ἑλλάδος,
724 1742 898 1785 ἐσκοπεῖτο,
928 1735 1129 1787 videlicet,
1165 1753 1246 1793 qua
1267 1739 1435 1780 tandem
1454 1754 1520 1780 ra-

86 1805 198 1846 tione
218 1813 258 1845 et
286 1804 459 1844 minimo
481 1804 621 1846 labore
641 1806 812 1861 insignis
853 1820 900 1846 ac
921 1804 1089 1846 celebris
1119 1807 1323 1848 evaderet.
1384 1809 1519 1851 Insta-

87 1872 159 1914 bat
179 1887 253 1927 per
279 1872 338 1912 illi
367 1872 617 1913 conmodum
652 1872 945 1929 Olympiorum
977 1882 1137 1928 tempus
1169 1875 1375 1917 solemne:
1422 1893 1520 1933 pro-

87 1942 246 1996 peravit
266 1941 319 1981 ad
346 1940 451 1981 illud
486 1949 708 1991 certamen,
732 1949 854 1996 atque
874 1941 916 1981 in
953 1956 1107 1998 magno
1139 1942 1386 1986 Graecorum
1423 1962 1522 1988 con—

89 2025 199 2050 sessu
228 2009 413 2050 recitavit
443 2008 652 2050 Historias
683 2024 785 2050 suas.
848 2009 1040 2065 Namque
1070 2025 1118 2051 ea
1147 2025 1231 2052 non
1263 2014 1426 2065 docent,
1449 2016 1521 2056 ab·

92 2078 255 2120 solvisse
271 2077 539 2119 Herodotum
557 2078 840 2119 Historiarum
860 2077 986 2118 libros
1008 2078 1309 2132 Halicarnassi‚
1332 2083 1402 2124 sed
1424 2099 1524 2126 con-

94 2148 248 2203 positos
267 2147 311 2187 in
328 2148 453 2188 Samo
473 2147 619 2196 insula,
643 2147 754 2202 quod
771 2162 822 2188 ex
839 2147 967 2188 Suida
983 2147 1307 2200 adsciscendum,
1325 2166 1377 2193 ex
1402 2152 1525 2194 Caria

91 2216 143 2258 ad
166 2215 430 2271 Olympicum
462 2224 711 2256 conventum
737 2229 875 2256 secum
905 2224 1100 2270 portasse,
1123 2225 1164 2258 et
1184 2217 1356 2271 Graecis,
1380 2230 1426 2263 ut
1446 2222 1525 2264 illis

90 2286 376 2334 innotesceret,
393 2284 636 2342 praelegisse.
696 2284 867 2341 Eligunt
896 2283 948 2324 ad
962 2299 1052 2325 eam
1072 2285 1353 2328 recitationem
1378 2289 1525 2346 Olym-

94 2353 259 2409 piadem
275 2366 411 2393 LXXXI
433 2354 510 2394 viri
541 2353 664 2404 docti,
688 2354 840 2409 quippe
859 2354 971 2394 aetati
1001 2353 1211 2397 Herodoti
1231 2358 1395 2413 egregie
1425 2374 1524 2401 con—

94 2436 263 2480 gruam:
296 2436 428 2476 neque
463 2421 565 2462 mihi
595 2419 789 2479 refragari
812 2423 971 2463 animus
991 2430 1062 2472 est,
1095 2437 1225 2478 eoque
1245 2426 1393 2474 minus,
1411 2430 1523 2482 quod

94 2491 270 2548 pueriles
292 2489 549 2545 Thucydidis
577 2491 675 2532 anni
712 2490 948 2532 Elidensem
983 2489 1091 2530 hanc
1128 2490 1418 2546 Olympiadem
1447 2497 1524 2539 sibi

94 2559 313 2616 postulent.
378 2558 534 2600 Aderat
555 2559 821 2616 Thucydides
852 2574 935 2600 uua
955 2573 1050 2599 cum
1071 2567 1188 2613 patre
1218 2559 1350 2602 Oloro
1380 2565 1523 2607 admo-

95 2629 197 2669 dum
232 2626 522 2680 adolescens,†
570 2628 710 2673 ἕτιπαῖς
725 2629 778 2678 ὢν,
814 2628 857 2667 in
891 2641 1051 2668 summo
1093 2626 1339 2671 Graecorum
1373 2632 1520 2687 plausu

97 2695 300 2744 recitanti,
331 2694 694 2751 illacrymavitque,
730 2695 992 2736 aemulatione
1027 2695 1204 2750 quadam
1231 2698 1319 2752 jam
1357 2707 1444 2742 tum
1472 2704 1526 2745 ad

143 2802 159 2819 ¹¹
179 2800 222 2829 In
243 2799 408 2829 Herodoto
430 2808 497 2840 cap.
519 2800 547 2831 Ι,
576 2811 606 2841 p.
637 2803 708 2831 852.
735 2799 789 2842 [T.
806 2799 869 2830 IV.
883 2799 931 2829 ed.
949 2799 1077 2840 Bipont.
1093 2811 1123 2841 p.
1142 2800 1228 2843 116.]

629 2857 649 2896 †
665 2854 776 2887 Suidas
790 2855 826 2885 in
843 2854 1022 2890 Θουκυδίδης.

161 2896 268 2934 VoL.
301 2898 332 2934 Ι.
788 2912 812 2939 c
