1763 3116
665 163 932 196 PRAEFATIO.
1457 170 1522 203 XV

95 282 143 323 sii
165 285 361 338 Πεςιῇγησις
389 285 450 329 τῆς
485 285 608 331 Ἀσίας
637 286 780 328 fertur:
814 287 922 337 hinc,
955 301 1048 342 quae
1071 286 1319 344 AEgyptum,
1341 288 1522 347 descrip-

91 352 244 393 tionem
275 352 486 406 phoenicis‚
520 353 819 410 hippopotami,
858 364 898 396 et
939 356 1241 397 crocodilorum
1281 360 1520 402 venationes

93 429 292 475 spectant,
325 422 468 475 βραχέα
498 417 749 476 παραποιήσάς,
780 424 945 464 mutatis
972 425 1124 478 pauciS,
1147 425 1224 465 nisi
1245 441 1270 466 a
1287 426 1522 484 Porphyrio

90 487 281 539 fallimur,
306 491 328 513 *f
379 500 586 533 mutuatus
636 500 707 533 est.
785 492 841 532 Et
875 492 1055 533 fallimur
1101 492 1285 534 fortasse:
1335 509 1515 551 namque

91 556 208 597 valde
238 557 410 598 dubium
441 568 512 609 cst,
534 560 755 601 fuerit-ne
784 560 869 614 ejus
900 562 1126 613 Περιηγήσεως
1159 560 1382 602 Hecataeus
1425 577 1522 603 auc-

88 630 164 665 tor.
243 625 530 678 Callimachus,
569 628 634 669 cui
680 627 752 668 tali
786 628 830 668 in
862 628 1028 683 negotio
1063 628 1174 682 justa
1200 643 1353 669 caussae
1395 629 1522 671 dictio

88 702 162 743 est,
214 709 303 735 eam
347 696 548 737 Hecataeo
594 696 867 751 abjudicatam
911 696 1138 736 obscuriori
1171 696 1331 737 homini
1378 698 1522 740 tribuit

87 762 198 817 apud
241 763 543 818 Athenaeum.†
604 765 700 806 Non
737 764 858 814 addo,
891 763 1002 819 quod
1026 764 1089 805 Cl.
1127 764 1424 806 Valckenarius
1454 782 1521 807 ve·-

89 831 245 872 tissime
282 835 498 885 monuit,‡
539 833 640 874 nihil
670 832 952 888 hujuscemodi
983 833 1035 873 ab
1066 832 1165 883 aliis,
1202 848 1255 874 ne
1295 834 1463 888 quidem
1497 850 1522 876 a

88 898 325 948 Plutarcho,
361 900 658 954 exprobratum
696 900 918 942 Herodoto
952 899 1085 941 fuisse.
1146 901 1327 958 Vulgata
1357 917 1521 958 quoque

88 966 250 1008 Xanthi
276 971 428 1008 Λυδιακὰ
461 968 635 1018 fuerant,
667 969 948 1024 dederantque
980 969 1035 1009 illi
1056 972 1121 1013 τὰς
1154 973 1325 1023 ἀφορμὰς,
1344 971 1430 1012 sive
1448 985 1522 1012 an-

88 1051 175 1076 sam
224 1046 263 1078 et
305 1038 561 1078 occasionem
599 1038 651 1079 ad
699 1053 761 1079 res
807 1038 1023 1094 Lydorum
1058 1038 1342 1092 exponendas:
1387 1054 1521 1096 neque

88 1107 197 1147 enim
237 1107 384 1161 opinor
417 1107 575 1163 Ephori
606 1107 718 1162 apud
739 1107 991 1147 Athenaeum
1016 1107 1142 1147 verba
1162 1109 1180 1158 gi
1205 1107 1376 1148 ulterius
1403 1123 1522 1163 posse

87 1175 255 1231 porrigi.
318 1175 457 1216 Multa
503 1191 599 1217 sane
637 1175 879 1216 Herodotus
921 1179 936 1223 ΙΙ
962 1174 1014 1215 de
1047 1174 1176 1230 Lydis
1209 1190 1436 1231 eorumque
1475 1178 1521 1219 in

85 1243 249 1284 Italiam
280 1244 460 1294 coloniis,
498 1245 549 1286 de
592 1245 739 1301 quibus
774 1244 878 1285 nihil
900 1243 1113 1294 Xanthus,
1154 1252 1226 1285 aut
1255 1247 1395 1286 omnia
1423 1246 1517 1296 alia;

85 1311 302 1367 Dionysio,
354 1312 562 1355 Herodoti
606 1313 813 1368 populari,
851 1312 1084 1360 docente-ql
1144 1311 1276 1354 Erant
1316 1322 1520 1369 praeterea

85 1380 129 1420 in
165 1381 397 1422 doctiorum
452 1382 639 1423 manibus
674 1391 715 1423 et
753 1381 989 1423 celebritate
1025 1380 1234 1423 Hellanici
1271 1382 1426 1424 Milesii
1478 1392 1519 1425 et

87 1447 307 1490 Charontis
339 1451 610 1505 Lampsaceni
642 1456 802 1506 Περσικὰ,
836 1458 907 1490 aut
921 1450 972 1473 Η
1002 1449 1142 1490 similis
1163 1458 1273 1491 certe
1299 1465 1519 1508 argumen—

85 1516 118 1557 ti
155 1520 448 1560 conmentaria.
535 1519 728 1568 Quorum
776 1518 944 1574 quidem
980 1518 1092 1559 libris
1127 1534 1152 1559 a
1189 1519 1406 1562 scribendo
1446 1521 1518 1563 de—

87 1586 252 1626 territus
287 1601 370 1627 non
413 1596 486 1636 est,
520 1587 589 1627 sed
625 1594 854 1635 conmotus,
897 1593 941 1626 ut
972 1586 1142 1627 auderet
1175 1588 1354 1638 uberius,
1390 1603 1516 1644 quam

82 1655 324 1709 superiores,
367 1663 407 1695 et
461 1655 643 1696 ornatius
697 1655 847 1703 dicere3
908 1669 1001 1709 quae
1055 1654 1267 1696 Ciceronis
1307 1656 1514 1711 ve1·ba:††

132 1780 149 1797 *
170 1777 209 1807 In
237 1778 367 1808 Eusebii
399 1778 500 1817 Praep.
525 1778 647 1818 Evang.
678 1777 722 1807 X.
745 1781 774 1807 52.

82 1828 150 1871 [Hb.
166 1830 211 1860 X.
225 1840 251 1859 c.
265 1830 308 1872 5.]
325 1841 354 1868 p.
370 1834 441 1861 466.

129 1886 150 1925 †
169 1884 319 1923 Deipnos.
330 1884 382 1914 lib.
400 1884 446 1914 II.
468 1894 497 1922 p.
513 1887 563 1914 70.
577 1895 603 1914 B.
620 1883 702 1924 [cap.
720 1886 772 1913 82.

87 1949 216 1978 nuperae
227 1939 299 1970 edit.
316 1940 327 1967 (
343 1939 406 1969 onf.
426 1937 571 1970 Creuzeri
602 1938 773 1979 Fragmen-

85 2002 119 2027 ta
135 1997 322 2028 Historicor.
340 1997 475 2027 Graecor.
491 1996 664 2037 Antiquiss.
677 2007 707 2036 p.
725 1999 775 2026 21.

89 2051 167 2094 seq.]

127 2107 142 2146 ‡
169 2105 222 2135 Ad
239 2106 343 2135 Musae
357 2105 404 2136 II.
419 2108 470 2137 77.

130 2160 150 2200 §
169 2160 237 2190 Lib,
255 2160 318 2190 XI.
331 2165 360 2190 5.
377 2160 418 2202 [c.
440 2159 500 2201 lh]
517 2170 547 2198 p.
563 2162 635 2191 515.

134 2216 147 2255 ΙΙ
170 2214 241 2244 Vid.
259 2214 311 2245 lib.
328 2215 358 2245 1.
376 2218 425 2246 94.

128 2268 151 2306 {1
170 2265 278 2306 Antiq.
302 2265 396 2295 Rom.
416 2265 468 2295 lib.
493 2265 519 2294 Ι.
541 2275 572 2304 p.
593 2267 644 2294 22.
659 2263 701 2305 [c.
727 2266 776 2293 28.

87 2317 142 2353 At,
167 2316 252 2357 quod
279 2317 312 2346 in
341 2316 517 2346 narratione
545 2316 584 2346 de
612 2315 775 2355 Lydorum

88 2368 210 2398 colonia
234 2368 266 2396 in
294 2367 416 2396 Italiam
439 2367 574 2397 deducta
602 2365 732 2396 discedit
758 2377 777 2395 a

90 2423 221 2453 Xantho
239 2421 431 2456 Herodotus,
455 2431 522 2451 non
545 2421 618 2451 inde
633 2420 774 2456 efficitur,

85 2475 163 2505 nihil
195 2487 211 2505 e
242 2476 373 2505 Xantho
401 2475 564 2514 profecisse
603 2475 772 2505 Nostrum:

88 2540 193 2571 neque
218 2529 429 2560 dubitandum
458 2529 535 2559 mihi
558 2528 689 2564 videtur,
722 2529 776 2562 τὰς

86 2584 230 2625 ἀφορμὰς,
253 2593 329 2622 quas
354 2581 519 2612 Herodoto
540 2581 660 2611 dedisse
684 2581 774 2611 Xan-

87 2637 179 2666 thum
194 2637 341 2675 Ephorus
375 2635 407 2669 it,
424 2646 488 2665 non
504 2635 598 2665 modo
623 2645 728 2664 ansam
745 2641 776 2665 et

87 2689 289 2724 occasionem,
315 2690 396 2730 (haec
416 2688 504 2724 foret,
530 2689 544 2720 ἡ
571 2687 699 2730 ἀφορμὴ)
723 2690 777 2718 sed

89 2740 250 2770 materiam
262 2739 413 2771 scribendi
428 2745 714 2780 argumentumque
729 2739 777 2769 in-

817 1775 916 1817 telligi
932 1776 1059 1806 debere:
1085 1776 1118 1806 in
1133 1786 1196 1816 quo
1211 1787 1311 1817 quum
1337 1777 1414 1808 alios
1436 1777 1513 1808 doc-

817 1836 864 1860 tos
886 1830 967 1861 viros
988 1836 1057 1860 tum
1082 1831 1275 1864 Larcherum
1293 1831 1331 1861 T.
1344 1831 1371 1861 I.
1386 1842 1417 1870 p.
1439 1835 1512 1862 581.

819 1890 849 1914 et
866 1884 1057 1915 Creuzerum
1074 1884 1125 1914 lib.
1147 1884 1198 1914 cit.
1212 1895 1244 1924 p.
1263 1888 1332 1915 142.
1356 1895 1419 1926 seq.
1434 1896 1508 1916 con-

819 1939 986 1969 sentientes
998 1940 1106 1969 habeo.
1124 1939 1170 1981 S.]

864 1994 902 2011 Η
921 1992 995 2022 Vid.
1021 1992 1166 2032 Dionysii
1197 1992 1302 2023 Halic.
1333 1993 1434 2033 Epist.
1471 1994 1510 2024 ad

820 2046 1008 2086 Pompeium
1022 2058 1052 2086 p.
1078 2050 1147 2079 129.
1174 2047 1322 2088 [Dionys.
1340 2048 1418 2078 Hal.
1442 2048 1514 2078 Vol.

820 2102 881 2132 VI.
898 2103 945 2132 ed.
972 2102 1078 2132 Reisk.
1100 2113 1130 2141 p.
1159 2106 1230 2134 769.
1255 2103 1306 2133 De
1338 2103 1510 2134 Hellanico

818 2166 902 2192 vero,
926 2162 996 2195 post
1027 2155 1193 2192 Sturzium,
1222 2156 1277 2196 qui
1298 2155 1384 2187 illius
1413 2157 1510 2197 Frag-

819 2216 925 2240 menta
950 2210 1079 2240 collecta
1094 2210 1197 2245 edidit,
1224 2210 1351 2241 monuit
1376 2211 1511 2241 Creuze-

818 2272 872 2292 rus
897 2262 929 2291 in
951 2261 1029 2291 libro
1052 2261 1090 2292 de
1108 2261 1269 2292 Historica
1288 2268 1355 2292 arte
1381 2262 1509 2293 Graeco-

819 2326 891 2346 rum
915 2326 943 2354 p.
976 2320 1026 2347 96.
1056 2326 1118 2356 seq.
1138 2316 1236 2346 fuisse
1265 2315 1358 2346 illum
1383 2316 1510 2356 quidem

819 2376 896 2399 natu
918 2369 1014 2409 paulo
1040 2369 1190 2409 majorem
1217 2369 1393 2406 Herodoto,
1417 2376 1508 2401 caete-

818 2434 889 2454 rum
928 2430 999 2463 post
1027 2424 1112 2453 hunc
1141 2424 1254 2462 scripta
1283 2433 1339 2453 sua
1369 2423 1509 2468 edidisse·

822 2479 973 2510 Charonis
1015 2479 1230 2518 Lampsaceni,
1272 2479 1436 2514 Hecataei,
1478 2487 1508 2510 et

823 2534 944 2564 Xanthi
973 2533 1162 2572 Fragmenta
1184 2532 1322 2568 collecta,
1347 2543 1507 2563 commen·

820 2588 967 2630 tariisque
981 2588 1143 2623 illustrata,
1160 2587 1257 2618 edidit
1271 2587 1353 2618 idem
1373 2589 1507 2619 Creuze-

819 2653 872 2674 rus
901 2643 934 2672 in
960 2643 1037 2672 libro
1062 2642 1160 2681 paulo
1187 2641 1328 2682 superius
1354 2646 1442 2684 (nota
1470 2644 1506 2684 †)

819 2696 956 2731 laudato,
973 2696 1025 2737 qui
1045 2696 1299 2727 Heidelb.1806.
1323 2696 1443 2736 prodiit.
1463 2688 1508 2728 s]

864 2753 904 2791 ††
924 2751 1045 2781 Orator.
1059 2760 1084 2780 c.
1107 2754 1152 2780 12.
