1763 3116
264 165 283 211 l
866 183 1144 216 PRAEFATIO.

270 307 483 359 finximus,
505 310 548 351 in
573 309 704 353 Catal.
728 310 929 353 Biblioth.
963 311 1070 368 Reg.
1093 309 1169 352 sub
1188 324 1364 353 nurnero
1383 323 1630 353 Mncxxxlv.
1651 312 1716 355 his

268 379 403 420 verbis
423 379 685 423 describitur:
718 387 747 408 “
766 381 915 424 Codex
929 380 1180 432 chartaceas‚
1211 381 1312 422 olim
1335 381 1614 433 Colbertinus,
1629 397 1715 439 quo

268 448 537 491 continentur
573 450 787 492 Herodoti
824 451 1112 493 Historiarum
1147 449 1245 491 libri
1280 450 1366 492 IX.
1428 451 1629 507 Conjecta
1662 451 1717 494 ad

265 518 474 575 margines
509 519 668 561 scholia
697 520 908 576 quaedam,
938 535 1068 576 eaque
1099 534 1186 560 non
1220 520 1539 563 contemnenda.
1622 521 1712 563 Ex-

266 595 406 630 aratus
426 603 539 630 anno
579 590 726 631 1372?
785 589 907 632 Idem
939 589 1075 632 codex
1096 604 1122 631 a
1141 589 1426 648 Wesselingio
1447 589 1595 633 eadem
1614 589 1715 632 nota

265 656 397 700 Paris.
422 658 471 700 B.
494 659 714 716 insignitus
735 667 807 702 est.

320 791 489 835 Tertius
507 793 671 845 Codex,
695 794 826 837 Paris.
850 794 900 836 C.
931 793 997 836 vel
1027 793 1115 845 Pe„
1137 793 1246 835 inter
1277 792 1455 836 Codices
1477 793 1652 836 Graecos
1666 793 1711 835 in

261 865 395 908 Catal.
420 867 618 910 Biblioth.
657 868 763 927 Reg.
794 875 1032 911 recensetur
1052 883 1166 910 num.
1188 880 1414 910 MDCXXXV.
1478 873 1510 894 “
1531 867 1711 910 Charta-

258 949 370 986 ceuS‚
393 945 585 979 exaratus
606 953 718 980 anno
742 939 866 981 1447.
887 954 972 996 quo
992 938 1259 981 continentur
1275 937 1489 979 Herodoti
1510 936 1709 980 Halicar-

257 1006 391 1046 nassei
423 1006 714 1049 Historiarum
748 1007 843 1048 libri
874 1008 959 1050 IX.
989 1007 1035 1049 in
1065 1007 1214 1063 quibus
1245 1006 1530 1049 exscribendis
1560 1009 1625 1062 (ut
1654 1005 1712 1048 ait

259 1073 454 1132 Catalogi
485 1077 647 1130 auctor)
678 1076 838 1118 librarii
866 1076 1126 1134 diligentiam
1147 1091 1235 1118 non
1261 1076 1472 1118 immerito
1490 1076 1711 1117 desideres.

254 1143 475 1185 Interdum
511 1145 621 1186 enim
653 1146 817 1187 omissae
846 1145 1016 1201 phrases
1043 1146 1231 1202 integrae.
1294 1144 1536 1187 Occurrunt
1565 1152 1707 1187 tamen

253 1210 480 1267 aliquando
495 1227 582 1254 non
596 1213 915 1255 contemnendae
930 1214 1164 1256 lectiones.''
1225 1213 1341 1264 Hac,
1359 1222 1480 1268 puto,
1497 1213 1612 1255 haud
1632 1228 1708 1269 op-

252 1281 368 1322 timae
388 1288 502 1323 notae
523 1281 632 1323 fama
651 1290 864 1337 permotus
885 1283 1123 1326 Larcherus
1153 1283 1267 1325 hunc
1290 1283 1491 1325 Codicem
1512 1284 1570 1325 ita
1589 1283 1707 1338 peni-

251 1360 318 1394 tus
348 1351 546 1409 neglexit,
577 1359 625 1393 ut
644 1352 753 1394 illius
783 1368 989 1409 nusquam
1019 1368 1074 1394 ne
1093 1353 1352 1395 mentionem
1372 1352 1542 1408 quidem
1561 1352 1705 1395 fecerit

248 1421 388 1464 ullam.
451 1421 528 1462 Est
558 1430 695 1463 autem
715 1421 784 1464 hic
804 1423 940 1464 codex
961 1421 1144 1478 ejusdem
1166 1420 1336 1462 familiae
1364 1437 1460 1463 cum
1481 1437 1544 1472 eo,
1577 1437 1702 1478 quem

248 1490 386 1546 primo
405 1490 498 1532 loco
533 1491 761 1539 nominavi3
793 1479 851 1532 et*
865 1491 962 1532 licet
990 1498 1114 1533 aetate
1145 1491 1198 1531 sit
1215 1489 1289 1531 illo
1317 1490 1539 1541 recentior,
1561 1498 1701 1532 tamen

248 1560 432 1601 bonitate
452 1559 567 1600 haud
588 1559 765 1601 multum
787 1559 920 1600 eidem
943 1558 1052 1600 cedit
1060 1574 1071 1608 3
1103 1565 1228 1614 atque
1251 1573 1332 1600 usu
1353 1559 1478 1600 etiam
1497 1559 1619 1600 nobis
1638 1560 1703 1600 in-

246 1628 414 1670 terdum
445 1627 558 1670 venit
586 1635 633 1669 ut
673 1628 986 1684 probatissimas
1014 1628 1212 1670 lectiones
1253 1642 1307 1669 ex
1333 1627 1407 1670 illo
1441 1629 1700 1684 potuerimus

244 1697 443 1752 proferre,
466 1712 568 1753 quas
598 1712 652 1739 ex
672 1698 801 1739 altero
830 1713 917 1739 non
944 1698 1175 1754 reperimus
1201 1704 1401 1739 enotatas.
1463 1698 1601 1739 Tenet
1626 1712 1702 1740 au-

246 1774 331 1810 tem
350 1767 443 1809 haec
462 1767 617 1809 familia
635 1768 751 1823 quasi
771 1767 984 1824 quoddam
1014 1767 1201 1809 medium
1227 1767 1337 1808 inter
1357 1766 1480 1808 codd.
1503 1765 1636 1808 Arch.
1657 1775 1699 1809 et

244 1838 372 1880 Vind.
394 1837 447 1879 ab
468 1851 552 1878 una
580 1846 713 1892 parte,
746 1846 788 1879 et
809 1837 922 1879 Pass.
945 1836 1049 1878 Ask.
1078 1836 1201 1879 Med.
1224 1846 1265 1878 et
1288 1836 1336 1878 F.
1358 1836 1411 1878 ab
1429 1836 1574 1885 altera;
1606 1852 1699 1879 mo-

245 1909 302 1950 do
322 1907 376 1949 ad
395 1905 487 1956 hos,
509 1905 638 1947 modo
657 1906 712 1948 ad
742 1906 832 1947 illos
852 1906 985 1964 magis
1015 1906 1235 1948 inclinans.
1298 1905 1367 1948 Ex
1388 1906 1536 1948 eodem
1556 1914 1696 1949 autem

242 1979 325 2020 hoc
346 1983 489 2018 nostro
520 1974 664 2017 codice
696 1975 768 2018 Pc.
791 1976 936 2018 ductas
957 1991 1043 2018 esse
1063 1990 1132 2018 eas
1151 1974 1363 2026 lectiones,
1400 1990 1501 2032 quas
1524 1975 1697 2017 Wesse-

241 2047 395 2105 lingius
429 2053 530 2087 nota
551 2044 682 2087 Paris.
706 2046 762 2088 A.
794 2044 1053 2103 distinguere
1080 2045 1308 2096 consuevit,
1330 2044 1457 2102 paulo
1486 2052 1583 2086 ante
1603 2058 1695 2086 mo—

240 2118 420 2160 nuimus.

300 2245 486 2295 Quartus
516 2249 656 2284 noster
685 2241 832 2293 codex,
855 2241 987 2284 Paris.
1007 2241 1066 2283 D.
1088 2240 1172 2283 sive
1194 2240 1272 2282 Pd.
1297 2256 1418 2297 quem
1451 2240 1688 2282 Larcherus

239 2317 339 2357 item
358 2311 460 2354 nota
476 2311 534 2353 D.
552 2311 755 2362 distinxit,
777 2311 822 2352 in
840 2310 973 2353 Catal.
991 2309 1101 2352 Bibl.
1125 2310 1230 2367 Reg.
1244 2325 1359 2351 num.
1381 2323 1684 2353 MMCMXXXHI.

238 2385 479 2427 chartaceus
514 2389 588 2431 est,
629 2395 741 2422 anno
779 2382 903 2422 1474.
943 2387 1148 2421 exaratus.
1212 2379 1372 2420 Praeter
1409 2378 1603 2420 Isocratis
1642 2386 1684 2420 et

239 2450 456 2495 Plutarchi
476 2450 690 2500 nonnulla,
711 2449 898 2491 continet
918 2448 1132 2490 Herodoti
1148 2447 1434 2489 Historiarum
1449 2446 1578 2488 libros
1595 2446 1681 2488 IX.

237 2521 386 2578 quibus
419 2518 578 2561 accedit
608 2518 771 2561 lexicon
799 2517 1100 2560 vocabulorum
1126 2516 1352 2559 Herodoto
1383 2515 1679 2572 peculiarium:

235 2589 348 2648 quod
382 2588 549 2644 quidem
578 2588 743 2630 lexicon
773 2587 895 2630 doleo
923 2601 1010 2629 non
1037 2587 1158 2629 fuisse
1190 2602 1216 2628 a
1257 2586 1496 2643 Georgi-ade
1530 2593 1676 2627 nostro

235 2673 332 2702 cum
351 2656 422 2697 illo
438 2656 646 2708 collatum,
667 2657 781 2716 quod
799 2657 866 2699 vel
885 2673 911 2699 a
931 2656 1137 2699 Wesselin
1143 2656 1217 2713 gio
1237 2655 1300 2697 vel
1320 2655 1373 2696 ab
1388 2655 1416 2697 J
1418 2668 1676 2713 ungermano

232 2729 390 2772 editum
406 2733 478 2768 est.
