1763 3116
236 211 287 257 vi
824 227 1097 260 PRAEFATJO.

230 364 355 405 penes
376 364 497 405 quem
528 357 627 392 tunc
647 349 682 392 is
712 350 846 391 codex
876 359 975 401 erat,
1007 350 1115 392 ultro
1135 350 1237 391 mihi
1257 351 1427 400 oblatae3
1465 365 1658 408 moxque,

235 418 348 459 venia
365 419 417 459 ab
433 419 579 460 illustri
593 419 924 460 membranarum
941 434 1184 474 possessore,
1207 419 1380 461 mezo
1398 419 1585 461 BARONE
1602 435 1659 462 DE

231 488 620 537 SCHELLERSHEIM,
656 487 868 544 Eisbergae
898 487 1154 543 aliorumque
1183 488 1226 528 in
1249 488 1513 543 Westphalia
1546 489 1660 530 loco-

231 570 325 597 rum
359 555 542 606 domino,
568 571 641 611 per
671 557 853 612 ejusdem
896 557 1090 598 Creuzeri
1121 557 1233 611 apud
1263 557 1376 598 illum
1406 557 1583 614 gratiam
1617 566 1658 598 et

230 623 273 664 in
308 638 374 664 me
413 624 740 666 benevolentiam
780 625 1012 680 impetrata,
1053 625 1152 679 ipsae
1193 625 1274 666 illae
1313 625 1660 680 praestantissimae

231 691 494 734 Membranae
523 693 577 733 ad
606 707 673 733 me
708 694 968 742 transmissae,
1004 707 1227 749 earumque
1265 708 1385 735 usura
1420 693 1462 733 in
1498 701 1660 734 tantum

228 763 425 817 temporis
445 763 635 817 spatium,
657 770 858 817 quantum
888 761 989 802 mihi
1020 762 1097 816 ipsi
1117 762 1381 803 commodum
1411 762 1541 803 visum
1564 761 1661 803 fuis-

228 840 300 883 set,
323 847 445 888 supra
465 846 589 888 quam
610 831 691 872 dici
712 838 846 886 potest
866 830 1086 872 liberaliter
1107 846 1310 872 concessa.

284 964 415 1006 Hisce
445 963 626 1004 munitus
656 962 872 1017 praesidiis,
905 962 957 1003 de
987 963 1134 1017 quibus
1178 963 1222 1003 in
1254 963 1505 1005 Praefatione
1539 964 1657 1006 alteri

227 1033 343 1075 Parti
362 1033 483 1087 hujus
515 1031 640 1072 Tomi
669 1031 880 1085 praemissa
910 1030 1076 1071 uberius
1106 1045 1328 1085 exponam,
1361 1047 1407 1072 ac
1428 1034 1657 1088 praecipua-

223 1117 318 1145 rum
358 1114 614 1157 quarumque
655 1099 865 1140 Herodoti
906 1098 1151 1140 Editionum
1191 1100 1382 1154 exemplo
1422 1101 1658 1151 instructus,

222 1180 442 1227 postquam
474 1168 656 1209 intellexi
691 1167 800 1208 haud
824 1167 1029 1224 ingratam
1046 1167 1133 1208 fore
1163 1166 1295 1209 doctis
1327 1169 1565 1210 studiosisve
1585 1169 1662 1210 ho-

224 1239 402 1282 minibus
423 1252 592 1294 operam
612 1245 795 1278 nostram
830 1236 1052 1278 Herodoto
1079 1237 1326 1287 navandam,
1348 1238 1524 1292 primam
1546 1239 1588 1278 in
1611 1253 1660 1279 eo

223 1309 543 1365 diligentemque
578 1306 697 1362 posui
732 1319 887 1355 curam,
922 1314 969 1346 ut
1003 1319 1057 1346 ex
1091 1305 1247 1346 collatis
1277 1306 1384 1347 inter
1419 1321 1460 1347 se
1491 1306 1660 1348 diversis

226 1376 507 1425 Lectionibus,
548 1390 648 1431 quas
681 1375 734 1416 ad
769 1388 973 1430 quemque
1011 1374 1231 1429 Scriptoris
1266 1375 1396 1416 nostri
1430 1375 1569 1417 locum
1598 1375 1661 1416 vel

227 1445 582 1501 Wesselingianus
612 1444 834 1499 adparatus
864 1443 926 1484 vel
946 1452 1099 1484 nostrae
1119 1444 1239 1485 nobis
1260 1445 1392 1499 copiae
1419 1444 1660 1495 offerebant,

227 1531 317 1558 eam
338 1515 549 1571 seligerem
569 1513 910 1568 adoptaremque,
932 1527 1026 1568 quae
1046 1522 1118 1554 aut
1139 1513 1241 1554 citra
1257 1514 1579 1555 controversiam
1599 1528 1664 1554 re-

225 1592 474 1640 praesentare
493 1581 715 1639 genuinam
740 1581 936 1622 Auctoris
958 1582 1206 1635 scripturam
1227 1590 1298 1623 aut
1328 1582 1381 1623 ad
1409 1597 1498 1622 eam
1519 1582 1661 1637 proxi-

227 1669 292 1695 me
312 1652 507 1694 accedere
537 1650 764 1699 videretur;
797 1664 879 1705 quo
909 1649 1142 1691 admirabili
1173 1650 1270 1691 huic
1301 1651 1553 1706 antiquitatis
1573 1665 1664 1692 mo-

225 1729 424 1763 numento
445 1719 606 1760 nativus
627 1733 721 1759 suus
751 1717 869 1759 color
890 1726 1012 1773 atque
1042 1717 1221 1767 habitus,
1244 1718 1381 1773 quoad
1402 1717 1491 1759 fieri
1512 1725 1661 1773 posset,

227 1791 518 1833 restitueretur.
581 1787 710 1837 Quod
740 1801 868 1843 quum
891 1786 993 1827 mihi
1023 1786 1145 1828 fuerit
1166 1787 1438 1841 propositum,
1470 1786 1666 1828 ridiculus

228 1861 303 1902 sim
335 1859 489 1915 utique,
527 1857 560 1898 si
595 1856 753 1899 cunctis
785 1857 828 1896 in
858 1855 970 1905 locis,
993 1870 1087 1911 quae
1117 1855 1396 1897 difficultatem
1418 1855 1570 1896 habere
1590 1855 1665 1896 ali-

228 1944 353 1986 quam
383 1927 588 1976 videntur,
620 1940 697 1967 acu
719 1924 849 1980 (quod
880 1925 1012 1978 aiunt)
1043 1939 1131 1966 rem
1162 1924 1340 1981 tetigisse
1369 1923 1471 1964 mihi
1497 1939 1663 1979 persua-

229 1998 370 2047 deam3
407 1996 478 2052 qui
510 2008 794 2049 saepenumero
824 1993 923 2048 ipse,
949 1993 1049 2049 quid
1081 1993 1338 2048 adoptarem,
1371 1993 1471 2048 quid
1493 2007 1664 2048 sepone-

230 2081 331 2117 rem,
355 2064 645 2106 incertissimus
666 2063 885 2104 haeseram:
915 2062 1080 2104 abunde
1101 2062 1200 2103 mihi
1223 2062 1458 2119 gratulandi
1479 2063 1556 2104 erit
1576 2077 1663 2104 ma-

232 2136 345 2185 teria,
369 2135 401 2175 si
422 2133 566 2189 majori
588 2147 640 2173 ex
668 2140 801 2187 parte,
823 2139 864 2172 et
884 2131 947 2172 his
967 2132 1135 2187 quidem
1166 2132 1346 2172 maxime
1376 2132 1418 2171 in
1449 2131 1548 2172 locis
1569 2146 1663 2186 quae

232 2212 327 2246 sunt
345 2203 518 2258 potioris
542 2201 755 2257 cujusdam
786 2201 1001 2251 momenti,
1033 2201 1251 2242 doctorum
1279 2200 1438 2256 judicio
1468 2201 1661 2242 Virorum

231 2273 473 2317 satisfecero.

289 2407 359 2448 De
379 2405 537 2446 ratione
557 2416 681 2458 quam
702 2402 745 2442 in
766 2401 1054 2444 constituendo
1076 2401 1229 2443 Graeco
1249 2401 1442 2456 exemplo
1454 2401 1536 2442 sive
1556 2416 1658 2442 con-

232 2484 362 2525 textu,
405 2488 527 2530 quem
562 2472 686 2529 vulgo
717 2480 878 2521 vocant,
925 2479 1084 2512 secutus
1112 2471 1458 2512 WESSELINGIUS
1493 2478 1565 2520 est,
1599 2470 1657 2512 sic

231 2547 318 2601 ipse
358 2544 435 2584 Vir
474 2543 619 2583 doctus
659 2540 861 2596 exposuit:
878 2541 901 2563 ’ἓ
935 2546 961 2566 “
976 2540 1043 2580 Ex
1083 2541 1243 2595 scriptis
1278 2539 1502 2581 Codicibus
1524 2539 1659 2581 Ionici

233 2620 260 2641 ‘⁶
280 2612 493 2661 sermonis,
525 2611 682 2666 quoties
711 2609 837 2660 licuit,
860 2608 1034 2650 formam
1055 2617 1095 2650 et
1114 2609 1398 2651 habitudinem
1420 2608 1659 2658 reformavi3

231 2683 322 2723 “in
351 2681 559 2736 integrum
588 2677 702 2719 nullo
723 2692 796 2718 suo
826 2677 973 2718 merito
1004 2678 1256 2732 possessione
1288 2676 1446 2731 dejecta
1480 2675 1657 2717 restitui:

235 2758 262 2779 “
283 2752 501 2793 innumera
521 2748 680 2790 mendis
699 2747 880 2797 liberavi,
913 2747 982 2787 sed
1004 2747 1238 2802 parcissime
1258 2746 1310 2787 de
1331 2747 1576 2801 conjectura,
1600 2752 1661 2785 at-

237 2825 263 2845 “
284 2834 364 2876 que
384 2817 461 2860 illis
480 2817 682 2860 duntaxat
711 2816 754 2856 in
775 2815 996 2866 vocabulis,
1029 2829 1122 2870 quae
1147 2815 1336 2857 dictionis
1365 2813 1525 2856 indoles
1545 2825 1661 2855 aver-¹

616 2951 633 2968 ὓ
661 2949 701 2979 ln
718 2947 915 2979 Praefationis
930 2954 1084 2987 postrema
1100 2946 1225 2989 pagina.
