1819 3121
674 155 889 205 CLIO
940 157 980 204 Ι.
1382 166 1474 206 103

129 306 247 350 μυρις
283 286 455 349 κὴρυκα,
479 284 592 346 ἔλεγε
615 285 732 334 τάδε·
758 287 873 335 “³'st
909 290 1086 351 βασιλεῦ
1112 290 1274 346 Μὴδων,
1313 294 1476 337 παῦσαι
1500 307 1535 327 10
1550 296 1675 369 60ῄείὲί-

134 370 161 389 “
183 361 360 408 σπεύδων
386 361 442 408 τοὶ
468 362 662 415 σπεύδεις·
686 364 731 409 οὐ
755 362 837 427 γαρ
867 363 914 409 ἂν
938 364 1072 419 εἰδείης
1105 370 1139 411 εἰ’
1169 385 1230 411 τοι
1267 368 1303 419 ἐς
1342 364 1476 430 καιρὸν
1494 351 1686 432 JLZf’d‘anssT

136 446 163 466 ‘⁶
182 439 297 485 ἔσται
321 443 463 498 ταῦτα
494 439 729 502 τελεύμενα·
764 442 1027 503 παυσάμενος
1068 441 1120 497 δὲ,
1161 443 1364 504 βασίλευε
1402 447 1476 488 τῶν
1498 432 1587 457 Υὸῃα

80 523 109 559 5
135 521 162 541 “
184 519 371 570 σεωυτοῦ,
395 514 469 561 καὶ
493 516 622 578 ἡμέας
645 516 787 584 ἀνέχευ
814 516 919 585 ὁρέων
943 517 1146 581 ἄρχοντας
1168 523 1243 564 τῶν
1267 538 1338 582 περ
1354 520 1477 582 ἀρχο-

130 597 156 618 “
178 609 262 653 μεν.
300 591 449 638 Οὔκων
473 593 673 646 ἐθελὴσεις
698 593 929 657 ὑποθὴκησι
964 594 1102 658 τῇσίδε
1124 595 1334 659 χρέεσθαι,
1360 595 1477 642 ἀλλά

129 671 160 693 “
184 667 326 713 πάντα
365 669 528 730 μᾶλλον
568 670 590 722 ἢ
631 669 678 715 δι’
707 670 875 730 ἡσυχίης
909 671 1018 717 εἶναι.
1056 670 1106 717 σι)
1142 670 1181 718 δὲ
1217 673 1249 718 εἰ
1281 673 1478 734 μεγάλως

131 749 160 770 “
183 744 420 807 προθυμέαι
447 746 759 806 Μασσαγετέων
783 749 1029 810 πειρηθῆναι,
1055 748 1155 812 φέρε,
1188 748 1354 811 μόχθον
1387 748 1473 810 μὲν,

129 827 158 847 “
183 820 249 867 τόν
272 821 376 882 ἔχεις
399 822 569 885 ζευγνῦς
591 821 657 869 τὸν
680 823 884 886 ποταμὸν,
909 824 1024 883 οἵφες·
1077 825 1127 872 σι)
1152 824 1205 880 δὲ,
1231 826 1355 888 ἡμέων
1379 826 1477 871 ἀνα-

46 902 106 941 10
132 902 160 922 “
183 898 440 959 χωρησάντων
464 896 551 944 ἀπὸ
574 902 650 944 τοῦ
671 904 871 961 ποταμοῦ
893 905 1005 964 τριῶν
1046 901 1209 964 ἡμερέων
1251 900 1348 957 ὁδὸν,
1391 902 1477 948 διά-

128 978 155 999 “
179 970 288 1019 ἕαινε
313 974 350 1026 ἐς
372 973 440 1027 τὴν
471 975 666 1038 ἡμετέρην.
702 977 735 1022 εἰ
771 974 803 1022 δ’
846 976 975 1039 ἡμέας
1015 977 1188 1041 βούλεαι
1230 977 1476 1033 ἐσδέξασθαι

128 1057 155 1078 “
177 1052 341 1113 μᾶλλον
365 1053 403 1105 ἐς
425 1051 492 1106 τὴν
517 1052 716 1116 ὑμετέρην,
741 1052 791 1099 σι)
815 1053 948 1101 τώυτὸ
970 1059 1092 1101 τοῦτο
1133 1055 1282 1101 ποίεε.”
1357 1057 1476 1102 Ταῦ-

129 1150 188 1177 τα
213 1131 252 1178 δὲ
276 1132 461 1186 ἀκούσας
486 1133 507 1178 o‘
533 1136 676 1197 Κῦρος,
702 1136 939 1181 συνεκάλεσε
966 1135 1142 1198 Περσέων
1166 1134 1261 1188 τούς
1285 1137 1476 1198 πρώτους·

125 1211 364 1274 συναγείρας
388 1211 428 1258 δὲ
451 1214 632 1266 τούτους,
675 1213 712 1264 ἐς
733 1213 853 1274 μέσον
877 1225 948 1271 σφι
974 1213 1186 1275 προετίθεε
1210 1211 1258 1259 τὸ
1282 1217 1474 1276 πρῆγμα,

44 1296 101 1335 15
126 1286 501 1351 συμὲουλευόμενος
541 1288 708 1353 ὁκότερα
749 1289 886 1336 ποιέοι.
928 1294 1002 1336 τῶν
1044 1289 1083 1336 δὲ
1122 1288 1242 1336 κατοὶ
1277 1289 1407 1337 τώυτό
1431 1291 1483 1336 αι’

126 1370 287 1428 γνῶμαι
328 1366 621 1422 συνεξέπιπτον,
664 1367 901 1414 κελευόντων
939 1367 1178 1415 ἐσδέκεσθαι
1205 1367 1386 1431 Τόμυρίν
1431 1386 1475 1414 τε

128 1440 205 1488 καὶ
219 1441 286 1488 τδν
309 1441 482 1506 στρατδν
508 1444 635 1496 αὐτῆς
659 1444 696 1496 ἐς
718 1442 786 1497 τὴν
809 1445 946 1508 χώρην.

191 1535 340 1566 CCVII.
376 1520 541 1584 Παρεῶν
566 1520 605 1566 δὲ
627 1519 703 1566 καὶ
741 1521 1000 1584 μεμφόμενος
1022 1521 1091 1576 τὴν
1132 1523 1289 1584 γνώμην
1320 1521 1472 1576 ταύτην
1499 1543 1586 1582 Quid
1600 1553 1703 1575 suase-

128 1599 293 1660 Κροῖσος
318 1596 340 1641 ὁ
363 1596 513 1652 Λυδός,
550 1595 812 1644 ἀπεδείκνυτο
848 1598 1018 1652 ἐναντίην
1040 1602 1093 1661 τῇ
1116 1598 1350 1663 προκειμένη
1374 1599 1473 1658 γνώ-
1495 1588 1678 1621 ritcroesus.

124 1693 197 1736 μη,
231 1673 358 1733 λέγων
395 1674 510 1720 τάδε·
550 1673 670 1720 “TO
696 1677 888 1737 βασιλεῦ,
925 1676 1031 1721 εἷπον
1070 1674 1142 1738 μὲν
1181 1674 1257 1722 καὶ
1292 1675 1474 1740 πρότερόν

126 1757 153 1778 “
176 1769 253 1807 τοι,
279 1749 341 1796 ὅτι
360 1750 451 1797 ἐπεί
462 1769 515 1813 με
537 1749 640 1803 Ζεύς
658 1750 776 1798 ἔδωκέ
791 1770 867 1808 τοι,
884 1751 931 1799 τὰ
951 1751 998 1798 ἂν
1015 1752 1085 1817 ὁρῶ
1103 1754 1285 1815 σφάλμα
1305 1752 1362 1800 ἐδν
1380 1757 1474 1815 οἴκῳ

72 1837 101 1874 5
128 1834 154 1855 “
177 1830 236 1889 τῷ
259 1829 328 1890 σῷ,
353 1825 472 1874 κατοὶ
491 1826 658 1890 δύναμιν
682 1827 942 1892 ἀποτρέψειν.
967 1827 1024 1875 τοὶ
1049 1829 1088 1875 δέ
1111 1849 1183 1892 μοι
1208 1832 1472 1892 παθήματα,

126 1911 153 1930 “
177 1903 292 1950 ἐόντα
317 1904 517 1967 ἀχάριτα,
541 1904 794 1967 μαθὴματα
818 1905 987 1966 γεγόνεε.
1056 1907 1112 1952 Εἰ
1149 1906 1221 1969 μὲν
1258 1907 1475 1959 ἀθάνατος

128 1986 154 2007 “
175 1979 319 2033 δοκέεις
357 1979 466 2036 εἶναι,
504 1979 580 2026 καὶ
603 1984 796 2044 στρατιῆς
817 1982 1011 2037 τοιαύτης
1033 1982 1182 2046 οἵρχειν,
1219 1983 1325 2030 οὐδὲν
1350 1982 1398 2030 ἂν
1421 1988 1474 2038 εἴη

126 2063 153 2084 “
177 2060 355 2120 πρῆγμα
373 2058 542 2120 γνώμας
567 2057 636 2120 ἐμέ
661 2076 721 2105 σοι
745 2059 1072 2118 ἀποφαίνεσθαι.
1100 2062 1132 2107 εἰ
1155 2059 1187 2106 δ’
1210 2060 1390 2121 ἔγνωκας
1412 2060 1474 2108 ὅτι

131 2139 158 2159 “
183 2132 394 2196 ἅνθρωπος
410 2133 487 2181 καὶ
500 2133 551 2181 σε)
567 2135 632 2191 εἷς,
647 2134 723 2181 καὶ
741 2135 872 2199 ἑτέρων
895 2136 1047 2183 τοιῶνδε
1063 2136 1214 2200 οἵρχεις,
1236 2139 1352 2184 ἐκεῖνο
1371 2142 1473 2202 πρῶ-

45 2219 105 2257 10
130 2217 156 2238 ‘⁶
181 2228 245 2256 τον
259 2211 394 2273 μάθε,
411 2213 462 2264 ώς
478 2212 632 2265 κύκλος
648 2216 723 2258 τῶν
748 2212 1005 2276 ἀνθρωπηίων
1021 2211 1106 2259 ἐστὶ
1123 2215 1387 2277 πρηγμάτων·
1404 2233 1470 2261 πε-

128 2295 154 2314 “
178 2287 420 2351 ριφερόμενος
443 2287 497 2344 δὲ,
522 2289 596 2336 οὐκ
615 2290 665 2353 ἐᾷ
691 2288 769 2336 αιέὶ
786 2288 882 2342 τούς
906 2288 1059 2342 αὐτούς
1082 2290 1291 2351 εὐτυχέειν.
1315 2292 1385 2346 ἤδη
1425 2290 1472 2338 ὧν

127 2371 154 2392 “
179 2364 259 2424 ἐγώ
298 2366 455 2427 γνώμην
487 2365 567 2426 ἔχω
595 2365 683 2430 περὶ
720 2371 794 2413 τοῦ
833 2366 1091 2430 προκειμένου
1130 2368 1377 2431 πρὴγματος
1415 2367 1472 2426 τρὶ

128 2447 154 2468 “
178 2440 361 2505 ἔμπαλιν
383 2441 405 2494 ἢ
433 2438 558 2489 οὖτοι.
585 2444 617 2490 εἰ
640 2441 722 2507 γοὶρ
746 2444 987 2506 ἐθελὴσομεν
1012 2444 1257 2499 ἐσδέξασθαι
1282 2444 1377 2498 τούς
1399 2463 1473 2492 πο-

129 2524 158 2545 “
181 2518 348 2581 λεμίους
372 2520 409 2571 ἐς
431 2518 499 2572 τὴν
521 2520 660 2583 χώρην,
685 2519 747 2567 ὅδε
779 2540 841 2567 τοι
877 2522 912 2567 ἐν
936 2521 1050 2583 αὐτῷ
1090 2521 1263 2575 κίνδυνος
1302 2521 1367 2567 ἐ’νι·
1411 2521 1473 2568 ἑσ-

48 2603 104 2642 15
130 2602 156 2623 “
174 2595 319 2648 σωθεὶς
340 2595 425 2659 μὲν,
461 2597 787 2660 προσαπολλύεις
809 2598 950 2644 πᾶσαν
984 2597 1052 2651 τὴν
1075 2598 1212 2661 ἀρχὴν·
1249 2598 1355 2652 δῆλα
1392 2597 1474 2663 γὰρ

130 2678 158 2698 “
183 2671 243 2727 δὴ,
276 2670 336 2718 ὅτι
378 2677 554 2726 νικῶντες
592 2674 898 2734 Μασσαγέται,
939 2676 984 2721 οὐ
1011 2673 1060 2721 ro*
1094 2674 1220 2721 ὀπίσω
1250 2675 1473 2734 φεύξονται,

133 2754 161 2774 “
185 2746 280 2796 ἀλλ’
307 2747 368 2796 ἐπ’
395 2749 531 2814 ἀρχοὶς
554 2748 632 2804 τοὶς
656 2749 732 2805 σοὶς
755 2752 885 2799 ἐλῶσι.
919 2756 1027 2798 νικῶν
1051 2750 1105 2806 δὲ,
1130 2752 1176 2797 οὐ
1199 2754 1313 2815 νικᾷς
1333 2755 1475 2798 τοσοῦ-
