1763 3116
665 203 936 236 PRAEFArio.
1355 196 1519 244 xxxvii

96 328 365 385 propositum.
427 327 554 383 Apud
575 329 758 371 animum
779 329 812 369 is
841 328 1107 370 constituerat
1127 329 1210 371 Th.
1241 330 1361 374 Galei
1382 347 1520 376 exem-

94 397 204 452 plum
227 411 333 438 nova
363 396 540 437 editione
560 398 769 447 recudere,
800 405 853 447 et,
886 398 981 453 quia
1007 411 1060 438 ex
1083 397 1212 440 MSS.
1244 400 1384 444 deerat
1403 405 1522 445 auxi-

93 465 208 514 lium,
245 480 296 506 ex
328 466 554 520 priscorum
591 466 924 508 advocationibus
956 466 1192 520 praesidium
1227 482 1438 523 quaerere:
1476 472 1520 513 id

92 534 195 575 mihi
216 534 301 589 ejus
322 549 374 574 ex
395 535 515 585 libro,
538 534 774 590 hujusmodi
796 535 1053 576 citationibus
1083 534 1231 577 referto
1252 545 1292 578 et
1312 541 1452 592 paucis
1467 541 1520 582 ad

91 603 267 657 primam
299 601 465 643 Musam
496 604 617 653 notis,
663 602 782 644 Galei
804 603 1225 646 animadversionibus
1245 606 1518 661 subjiciendis,

91 672 239 726 paruit.
302 671 494 713 Studium
524 672 599 712 viri
624 671 742 713 valde
771 672 847 713 fuit
876 672 1138 723 industrium,
1169 674 1239 714 sed
1271 675 1312 715 in
1337 675 1520 718 Hermo-

90 755 194 796 gene
214 748 254 781 et
283 741 368 795 ejus
391 740 630 790 Scholiasta,
657 741 840 790 Stobaeo,
873 749 913 782 et
936 741 1153 783 Eustathio
1183 743 1224 783 in
1255 742 1518 801 Dionysium,

91 822 192 864 quos
214 817 302 849 tum
333 808 476 864 legisse
504 823 589 849 non
611 809 783 858 videtur,
818 808 1067 850 claudicans.
1126 811 1195 851 An
1226 825 1324 853 vero
1344 812 1397 854 ad
1429 813 1520 854 He-

92 877 285 918 rodotum
316 885 425 918 recte
455 877 683 918 curandum
713 877 756 918 id
778 877 994 928 suffecerit,
1012 880 1034 901 '¹‘
1066 878 1245 920 dixerint
1265 879 1346 921 alii.
1406 881 1521 937 Ipse-

90 955 188 994 met,
212 945 296 985 viso
318 945 603 996 Gronoviano,
627 946 741 1000 cujus
758 959 809 987 ne
830 946 1017 987 meminit
1036 946 1216 1002 quidem,
1238 962 1378 1003 opere,
1400 965 1519 991 suum

91 1014 260 1069 abjecit3
307 1014 686 1070 adnotationesque,
720 1015 839 1056 toties
867 1016 918 1056 ad
949 1014 1249 1070 Alciphronem
1288 1019 1519 1072 promissas,

90 1084 230 1126 animo
269 1084 397 1143 magis
424 1084 594 1140 agitavit
629 1098 753 1139 quam
786 1084 971 1126 absolvit.
1032 1084 1176 1126 Nullas
1209 1095 1330 1136 certe,
1371 1097 1522 1143 praeter

90 1166 242 1207 paucas
263 1152 364 1202 illas,
402 1161 442 1193 et
462 1152 568 1192 male
598 1152 867 1202 cohaerentes,
893 1152 1076 1206 adspexi:
1109 1153 1210 1194 boni
1229 1154 1429 1211 quidquid
1459 1158 1521 1198 in—

90 1231 190 1272 erat,
213 1221 368 1262 auctori
395 1230 517 1276 atque
537 1220 790 1262 observatori
810 1220 1010 1262 tributum
1031 1229 1109 1270 est3
1142 1221 1270 1263 immo
1289 1231 1430 1279 gratus
1451 1240 1522 1282 ag-

90 1305 229 1340 nosco,
252 1305 384 1345 pauca
414 1289 698 1339 Eustathiana‚
735 1304 759 1330 a
779 1304 846 1330 me
877 1290 1128 1344 praetervisa,
1160 1305 1213 1332 ex
1241 1291 1348 1333 illius
1368 1293 1522 1337 indicio

91 1358 260 1407 venisse3
291 1358 503 1413 debeoque
533 1358 637 1399 adeo
667 1357 879 1399 memoriae
909 1358 985 1399 viri
1015 1358 1254 1409 doctissimi,
1287 1361 1522 1418 pariterque

89 1427 364 1477 infelicissimi,
387 1436 433 1468 ut
452 1427 538 1482 ejus
564 1427 617 1468 ad
638 1428 916 1481 posteritatem
948 1426 1149 1469 industria
1168 1443 1262 1469 cum
1284 1428 1406 1471 laude
1425 1445 1520 1486 pro-

89 1505 278 1553 pagetur.

150 1628 280 1670 Aliud
315 1627 529 1669 consilium
560 1627 626 1670 Jo.
660 1627 787 1685 Corn.
808 1626 860 1668 de
883 1627 1024 1677 PauW‚
1062 1628 1125 1669 vir
1156 1629 1307 1670 Graece
1338 1631 1521 1674 doctissi-

91 1712 194 1747 muS,
219 1696 290 1737 sed
311 1697 372 1738 sui
392 1711 551 1751 semper
571 1695 746 1745 arbitrii,
768 1695 982 1750 amplexus
1002 1696 1090 1737 fuit.
1155 1696 1337 1739 Unicum
1359 1699 1415 1740 illi
1438 1700 1521 1742 Th.

93 1766 214 1809 Galei
234 1764 366 1807 adfuit
385 1765 619 1820 exemplum
641 1773 681 1806 et
701 1764 828 1806 animi
848 1765 1087 1806 incitatioris
1108 1766 1282 1821 inpetus,
1307 1769 1422 1824 cujus
1443 1785 1521 1825 ope

92 1835 306 1877 salebrosis
329 1833 537 1876 Herodoti
559 1834 655 1875 locis
685 1833 932 1875 medicinam
953 1849 1030 1888 pro
1051 1835 1155 1875 virili
1190 1835 1296 1886 fecit,
1319 1837 1520 1881 salubrem

93 1919 201 1960 saepe
216 1912 257 1945 et
276 1903 546 1959 probabilem.
607 1903 687 1944 Cui
709 1902 853 1953 labori,
871 1902 983 1959 quod
1005 1903 1237 1945 observasse
1266 1907 1519 1961 reminiscor,

86 1974 249 2029 juvenis
269 1973 507 2023 admodum,
530 1981 570 2015 et
590 1982 685 2014 ante
704 1973 898 2015 vertentis
918 1974 1042 2015 seculi
1062 1989 1217 2016 annum
1238 1989 1306 2017 xv.
1335 1977 1521 2035 invigila-

93 2043 164 2084 vit.
225 2041 352 2083 Nulla
370 2041 468 2083 hinc
489 2041 600 2097 apud
621 2056 714 2083 eum
736 2041 778 2082 in
810 2041 1132 2098 Lugdunensem
1155 2043 1356 2086 editorem
1387 2047 1521 2098 [Gro-

93 2111 283 2163 novium]
318 2111 629 2160 animadversio,
665 2110 776 2151 nulla
807 2110 986 2165 ejusdem
1017 2111 1118 2162 laus,
1153 2112 1267 2154 nulla
1287 2117 1459 2166 menti03
1496 2134 1521 2159 a

94 2194 190 2234 qua,
227 2179 330 2220 bene
364 2180 397 2219 si
425 2179 539 2220 illum
574 2179 682 2229 novi,
714 2179 790 2220 sibi
821 2193 904 2219 non
938 2188 1215 2235 temperasset3
1246 2197 1379 2238 neque
1400 2200 1424 2225 a
1453 2200 1520 2226 me

93 2248 346 2298 dissentient,
368 2249 438 2304 qui
459 2248 693 2289 familiarius
714 2248 846 2303 ipsum
868 2249 1060 2305 variaque
1081 2251 1164 2305 ejus
1194 2252 1345 2307 scripta
1365 2268 1518 2311 cogno-

94 2327 253 2361 verunt.
315 2317 495 2360 Schedas
529 2317 650 2367 illius,
687 2318 967 2360 minutissimis
999 2319 1127 2373 pictas
1158 2319 1314 2371 litteris,
1356 2337 1518 2365 mecum

94 2387 158 2429 vir
201 2387 491 2442 perhumanus,
526 2395 567 2428 et
596 2386 781 2428 salutaris
810 2387 907 2428 artis
937 2388 1084 2442 peritia
1114 2389 1225 2443 apud
1256 2390 1519 2435 Amsteloda-

94 2471 254 2501 menses
284 2456 467 2505 celebris,
499 2456 563 2497 Jo.
593 2455 681 2497 Jac.
705 2455 855 2498 Ostens
875 2458 1190 2499 conmunicavit.
1255 2459 1424 2516 Conpar
1443 2462 1519 2504 suit

96 2526 150 2568 de
170 2525 392 2569 Herodoto
413 2525 517 2566 bene
538 2525 722 2569 merendi
743 2525 929 2568 voluntas
950 2527 1016 2568 Jo.
1036 2527 1124 2568 Jac.
1149 2527 1316 2578 Reiskii‚
1340 2530 1415 2571 viri
1436 2531 1518 2573 cla-

96 2595 255 2637 rissimi.
316 2594 460 2635 Ductu
481 2594 635 2650 sagacis
655 2602 696 2635 et
716 2592 896 2636 foecundi
914 2596 1067 2652 ingenii
1099 2596 1419 2650 emendationes,
1440 2601 1518 2641 sol-

354 2720 370 2735 *
400 2717 482 2749 Vide
513 2716 687 2752 Miscellan.
728 2717 883 2758 Lipsiens.
923 2720 997 2750 Vol.
1011 2720 1112 2751 VIII.
1128 2732 1158 2762 p.
1173 2725 1243 2754 295.
