<?xml version="1.0" encoding="UTF-8"?>
<!DOCTYPE html PUBLIC "-//W3C//DTD XHTML 1.0 Transitional//EN"
    "http://www.w3.org/TR/xhtml1/DTD/xhtml1-transitional.dtd">
<html xmlns="http://www.w3.org/1999/xhtml" xml:lang="en" lang="en">
 <head>
  <title>
</title>
<meta http-equiv="Content-Type" content="text/html;charset=utf-8" />
  <meta name='ocr-system' content='tesseract 3.04.00' />
  <meta name='ocr-capabilities' content='ocr_page ocr_carea ocr_par ocr_line ocrx_word'/>
</head>
<body>
  <div class='ocr_page' id='page_1' title='image "./historinlogoi9ep01herouoft_0033.png"; bbox 0 0 1763 3116; ppageno 0'>
   <div class='ocr_carea' id='block_1_1' title="bbox 634 148 1512 196">
    <p class='ocr_par' dir='ltr' id='par_1_1' title="bbox 634 148 1512 196">
     <span class='ocr_line' id='line_1_1' title="bbox 634 148 1512 196; baseline 0.006 -5"><span class='ocrx_word' id='word_1_1' title='bbox 634 159 901 192; x_wconf 84' lang='lat' dir='ltr'><strong>PRAEFATIO.</strong></span> <span class='ocrx_word' id='word_1_2' title='bbox 1392 148 1512 196; x_wconf 85' lang='lat' dir='ltr'>xxiii</span> 
     </span>
    </p>
   </div>
   <div class='ocr_carea' id='block_1_2' title="bbox 79 273 1514 475">
    <p class='ocr_par' dir='ltr' id='par_1_2' title="bbox 79 273 1514 475">
     <span class='ocr_line' id='line_1_2' title="bbox 81 273 1514 342; baseline 0.006 -19"><span class='ocrx_word' id='word_1_3' title='bbox 81 293 181 324; x_wconf 84' lang='lat' dir='ltr'>nece</span> <span class='ocrx_word' id='word_1_4' title='bbox 197 281 395 332; x_wconf 83' lang='lat' dir='ltr'>Cimonis,</span> <span class='ocrx_word' id='word_1_5' title='bbox 416 283 542 338; x_wconf 84' lang='lat' dir='ltr'>patris</span> <span class='ocrx_word' id='word_1_6' title='bbox 564 273 783 335; x_wconf 61' lang='lat' dir='ltr'>Milti&#39;adae,</span> <span class='ocrx_word' id='word_1_7' title='bbox 806 291 856 327; x_wconf 73' lang='grc' dir='ltr'>τὸν</span> <span class='ocrx_word' id='word_1_8' title='bbox 873 289 930 334; x_wconf 76' lang='grc' dir='ltr'>μὲν</span> <span class='ocrx_word' id='word_1_9' title='bbox 941 288 1008 340; x_wconf 75' lang='grc' dir='ltr'>ἐγὼ</span> <span class='ocrx_word' id='word_1_10' title='bbox 1026 289 1055 326; x_wconf 83' lang='grc' dir='ltr'>ἐν</span> <span class='ocrx_word' id='word_1_11' title='bbox 1073 288 1180 339; x_wconf 75' lang='grc' dir='ltr'>ἄλλῳ</span> <span class='ocrx_word' id='word_1_12' title='bbox 1197 291 1293 342; x_wconf 78' lang='grc' dir='ltr'>λόγῳ</span> <span class='ocrx_word' id='word_1_13' title='bbox 1306 291 1474 339; x_wconf 73' lang='grc' dir='ltr'>σημανέωε</span> <span class='ocrx_word' id='word_1_14' title='bbox 1490 298 1514 321; x_wconf 59' lang='lat'>³⁸</span> 
     </span>
     <span class='ocr_line' id='line_1_3' title="bbox 80 352 1513 408; baseline 0.003 -15"><span class='ocrx_word' id='word_1_15' title='bbox 80 352 187 393; x_wconf 81' lang='lat' dir='ltr'><strong>dixit</strong></span> <span class='ocrx_word' id='word_1_16' title='bbox 218 360 354 392; x_wconf 86' lang='lat' dir='ltr'>autem</span> <span class='ocrx_word' id='word_1_17' title='bbox 390 352 570 406; x_wconf 84' lang='lat' dir='ltr'>ejusdem</span> <span class='ocrx_word' id='word_1_18' title='bbox 607 353 744 394; x_wconf 89' lang='lat' dir='ltr'>Musae</span> <span class='ocrx_word' id='word_1_19' title='bbox 772 367 872 408; x_wconf 79' lang='lat' dir='ltr'>cap.</span> <span class='ocrx_word' id='word_1_20' title='bbox 917 357 1010 393; x_wconf 78' lang='lat'><strong>103.</strong></span> <span class='ocrx_word' id='word_1_21' title='bbox 1043 353 1269 396; x_wconf 88' lang='lat' dir='ltr'>Geminum</span> <span class='ocrx_word' id='word_1_22' title='bbox 1304 355 1361 397; x_wconf 87' lang='lat' dir='ltr'>illi</span> <span class='ocrx_word' id='word_1_23' title='bbox 1394 356 1513 399; x_wconf 89' lang='lat' dir='ltr'><strong>Libri</strong></span> 
     </span>
     <span class='ocr_line' id='line_1_4' title="bbox 79 420 448 475; baseline 0 -14"><span class='ocrx_word' id='word_1_24' title='bbox 79 420 202 475; x_wconf 89' lang='lat' dir='ltr'>primi</span> <span class='ocrx_word' id='word_1_25' title='bbox 223 435 312 475; x_wconf 90' lang='lat' dir='ltr'>cap.</span> <span class='ocrx_word' id='word_1_26' title='bbox 335 422 359 461; x_wconf 90' lang='lat'><strong>7</strong></span> <span class='ocrx_word' id='word_1_27' title='bbox 364 425 402 461; x_wconf 82' lang='lat'>5.</span> <span class='ocrx_word' id='word_1_28' title='bbox 423 427 448 474; x_wconf 94' lang='lat'>†</span> 
     </span>
    </p>
   </div>
   <div class='ocr_carea' id='block_1_3' title="bbox 72 564 1516 2276">
    <p class='ocr_par' dir='ltr' id='par_1_3' title="bbox 72 564 1516 2276">
     <span class='ocr_line' id='line_1_5' title="bbox 137 564 1512 620; baseline 0.007 -15"><span class='ocrx_word' id='word_1_29' title='bbox 137 564 238 606; x_wconf 84' lang='lat' dir='ltr'>Hoc</span> <span class='ocrx_word' id='word_1_30' title='bbox 273 565 410 620; x_wconf 87' lang='lat' dir='ltr'>itaque</span> <span class='ocrx_word' id='word_1_31' title='bbox 441 565 545 606; x_wconf 91' lang='lat' dir='ltr'>bene</span> <span class='ocrx_word' id='word_1_32' title='bbox 575 565 710 607; x_wconf 89' lang='lat' dir='ltr'>habet.</span> <span class='ocrx_word' id='word_1_33' title='bbox 763 567 901 615; x_wconf 83' lang='lat' dir='ltr'>Quam</span> <span class='ocrx_word' id='word_1_34' title='bbox 930 575 1068 607; x_wconf 87' lang='lat' dir='ltr'>autem</span> <span class='ocrx_word' id='word_1_35' title='bbox 1096 568 1239 610; x_wconf 89' lang='lat' dir='ltr'>vellem</span> <span class='ocrx_word' id='word_1_36' title='bbox 1269 569 1322 610; x_wconf 91' lang='lat' dir='ltr'>de</span> <span class='ocrx_word' id='word_1_37' title='bbox 1354 570 1512 614; x_wconf 85' lang='lat' dir='ltr'>Rerum</span> 
     </span>
     <span class='ocr_line' id='line_1_6' title="bbox 78 633 1513 694; baseline 0.003 -18"><span class='ocrx_word' id='word_1_38' title='bbox 78 633 339 689; x_wconf 86' lang='lat' dir='ltr'>Assyriarum</span> <span class='ocrx_word' id='word_1_39' title='bbox 366 634 478 675; x_wconf 89' lang='lat' dir='ltr'>libris</span> <span class='ocrx_word' id='word_1_40' title='bbox 508 635 617 676; x_wconf 89' lang='lat' dir='ltr'>idem</span> <span class='ocrx_word' id='word_1_41' title='bbox 644 635 777 676; x_wconf 87' lang='lat' dir='ltr'>adseri</span> <span class='ocrx_word' id='word_1_42' title='bbox 806 637 968 691; x_wconf 89' lang='lat' dir='ltr'>dicique</span> <span class='ocrx_word' id='word_1_43' title='bbox 997 645 1145 691; x_wconf 88' lang='lat' dir='ltr'>posset.</span> <span class='ocrx_word' id='word_1_44' title='bbox 1208 638 1277 679; x_wconf 85' lang='lat' dir='ltr'>Sic</span> <span class='ocrx_word' id='word_1_45' title='bbox 1296 639 1348 681; x_wconf 91' lang='lat' dir='ltr'>de</span> <span class='ocrx_word' id='word_1_46' title='bbox 1376 639 1513 694; x_wconf 81' lang='lat' dir='ltr'>illis:‡</span> 
     </span>
     <span class='ocr_line' id='line_1_7' title="bbox 76 702 1516 759; baseline 0.006 -18"><span class='ocrx_word' id='word_1_47' title='bbox 76 704 146 746; x_wconf 73' lang='grc' dir='ltr'>Τῆς</span> <span class='ocrx_word' id='word_1_48' title='bbox 170 702 205 741; x_wconf 73' lang='grc' dir='ltr'>δὲ</span> <span class='ocrx_word' id='word_1_49' title='bbox 226 703 430 750; x_wconf 76' lang='grc' dir='ltr'>Βαβυλῶνος</span> <span class='ocrx_word' id='word_1_50' title='bbox 453 706 579 749; x_wconf 72' lang='grc' dir='ltr'><em>ταύτης</em></span> <span class='ocrx_word' id='word_1_51' title='bbox 597 708 719 742; x_wconf 72' lang='grc' dir='ltr'>πολλοὶ</span> <span class='ocrx_word' id='word_1_52' title='bbox 735 705 793 752; x_wconf 75' lang='grc' dir='ltr'>μέν</span> <span class='ocrx_word' id='word_1_53' title='bbox 810 720 866 743; x_wconf 84' lang='grc' dir='ltr'>κου</span> <span class='ocrx_word' id='word_1_54' title='bbox 895 709 957 745; x_wconf 74' lang='grc' dir='ltr'>καὶ</span> <span class='ocrx_word' id='word_1_55' title='bbox 976 707 1080 745; x_wconf 78' lang='grc' dir='ltr'><strong>ἄλλοι</strong></span> <span class='ocrx_word' id='word_1_56' title='bbox 1098 707 1235 759; x_wconf 73' lang='grc' dir='ltr'>ἐγένοντο</span> <span class='ocrx_word' id='word_1_57' title='bbox 1252 708 1430 757; x_wconf 68' lang='grc' dir='ltr'>βασιλῆες,</span> <span class='ocrx_word' id='word_1_58' title='bbox 1455 715 1516 750; x_wconf 79' lang='grc' dir='ltr'>τῶν</span> 
     </span>
     <span class='ocr_line' id='line_1_8' title="bbox 77 775 1513 832; baseline 0.003 -20"><span class='ocrx_word' id='word_1_59' title='bbox 77 775 106 811; x_wconf 83' lang='grc' dir='ltr'>ἒν</span> <span class='ocrx_word' id='word_1_60' title='bbox 136 780 217 813; x_wconf 72' lang='grc' dir='ltr'><em>τοῖσι</em></span> <span class='ocrx_word' id='word_1_61' title='bbox 246 775 425 828; x_wconf 63' lang='grc' dir='ltr'><em>Ἀσσυξίοισι</em></span> <span class='ocrx_word' id='word_1_62' title='bbox 457 778 582 826; x_wconf 76' lang='grc' dir='ltr'>λόγοισι</span> <span class='ocrx_word' id='word_1_63' title='bbox 594 777 722 822; x_wconf 74' lang='grc' dir='ltr'>μνήμην</span> <span class='ocrx_word' id='word_1_64' title='bbox 751 777 937 825; x_wconf 73' lang='grc' dir='ltr'><strong><em>ποιήσομαι,</em></strong></span> <span class='ocrx_word' id='word_1_65' title='bbox 969 788 1145 830; x_wconf 82' lang='lat' dir='ltr'>quorum</span> <span class='ocrx_word' id='word_1_66' title='bbox 1181 789 1259 830; x_wconf 84' lang='lat' dir='ltr'>ego</span> <span class='ocrx_word' id='word_1_67' title='bbox 1290 789 1436 832; x_wconf 85' lang='lat' dir='ltr'>regum</span> <span class='ocrx_word' id='word_1_68' title='bbox 1469 777 1513 818; x_wconf 84' lang='lat' dir='ltr'>in</span> 
     </span>
     <span class='ocr_line' id='line_1_9' title="bbox 73 839 1515 896; baseline 0.005 -16"><span class='ocrx_word' id='word_1_69' title='bbox 73 839 188 881; x_wconf 89' lang='lat' dir='ltr'>libris</span> <span class='ocrx_word' id='word_1_70' title='bbox 213 841 372 882; x_wconf 88' lang='lat' dir='ltr'>Rerum</span> <span class='ocrx_word' id='word_1_71' title='bbox 397 841 654 896; x_wconf 83' lang='lat' dir='ltr'>Assyriarum</span> <span class='ocrx_word' id='word_1_72' title='bbox 681 842 933 884; x_wconf 86' lang='lat' dir='ltr'>mentionem</span> <span class='ocrx_word' id='word_1_73' title='bbox 962 843 1122 885; x_wconf 89' lang='lat' dir='ltr'>faciam.</span> <span class='ocrx_word' id='word_1_74' title='bbox 1183 843 1295 884; x_wconf 89' lang='lat' dir='ltr'>Tum</span> <span class='ocrx_word' id='word_1_75' title='bbox 1316 844 1369 886; x_wconf 88' lang='lat' dir='ltr'>de</span> <span class='ocrx_word' id='word_1_76' title='bbox 1400 845 1515 887; x_wconf 92' lang='lat' dir='ltr'>Nino</span> 
     </span>
     <span class='ocr_line' id='line_1_10' title="bbox 74 909 1514 968; baseline 0.004 -18"><span class='ocrx_word' id='word_1_77' title='bbox 74 924 100 950; x_wconf 89' lang='lat' dir='ltr'>a</span> <span class='ocrx_word' id='word_1_78' title='bbox 122 909 260 951; x_wconf 77' lang='lat' dir='ltr'>Medis</span> <span class='ocrx_word' id='word_1_79' title='bbox 281 918 497 965; x_wconf 85' lang='lat' dir='ltr'>occupata:</span> <span class='ocrx_word' id='word_1_80' title='bbox 518 915 533 960; x_wconf 82' lang='grc' dir='ltr'>Η</span> <span class='ocrx_word' id='word_1_81' title='bbox 559 917 620 952; x_wconf 68' lang='grc' dir='ltr'>καὶ</span> <span class='ocrx_word' id='word_1_82' title='bbox 639 915 694 958; x_wconf 72' lang='grc' dir='ltr'>τὴν</span> <span class='ocrx_word' id='word_1_83' title='bbox 709 919 798 953; x_wconf 75' lang='grc' dir='ltr'><em>Νῖνον</em></span> <span class='ocrx_word' id='word_1_84' title='bbox 810 914 902 953; x_wconf 75' lang='grc' dir='ltr'>εἷλον·</span> <span class='ocrx_word' id='word_1_85' title='bbox 923 916 968 959; x_wconf 79' lang='grc' dir='ltr'>ὠς</span> <span class='ocrx_word' id='word_1_86' title='bbox 983 918 1026 963; x_wconf 79' lang='grc' dir='ltr'>δὲ,</span> <span class='ocrx_word' id='word_1_87' title='bbox 1043 917 1070 953; x_wconf 80' lang='grc' dir='ltr'>ἐν</span> <span class='ocrx_word' id='word_1_88' title='bbox 1084 916 1207 968; x_wconf 56' lang='grc' dir='ltr'>ἑτέροισι</span> <span class='ocrx_word' id='word_1_89' title='bbox 1221 920 1345 968; x_wconf 75' lang='grc' dir='ltr'>λόγοισι</span> <span class='ocrx_word' id='word_1_90' title='bbox 1363 919 1514 962; x_wconf 84' lang='grc' dir='ltr'>δηλώσω·</span> 
     </span>
     <span class='ocr_line' id='line_1_11' title="bbox 72 981 1513 1040; baseline 0.002 -19"><span class='ocrx_word' id='word_1_91' title='bbox 72 987 134 1022; x_wconf 77' lang='grc' dir='ltr'>καὶ</span> <span class='ocrx_word' id='word_1_92' title='bbox 174 985 248 1026; x_wconf 70' lang='grc' dir='ltr'><strong><em>τοὺς</em></strong></span> <span class='ocrx_word' id='word_1_93' title='bbox 273 983 448 1036; x_wconf 57' lang='grc' dir='ltr'><em>Ἀσσυρίους</em></span> <span class='ocrx_word' id='word_1_94' title='bbox 475 985 674 1035; x_wconf 66' lang='grc' dir='ltr'>ὑποχειξίους</span> <span class='ocrx_word' id='word_1_95' title='bbox 713 984 921 1028; x_wconf 69' lang='grc' dir='ltr'>εἰποιήσαντοε</span> <span class='ocrx_word' id='word_1_96' title='bbox 951 990 993 1022; x_wconf 79' lang='lat' dir='ltr'>et</span> <span class='ocrx_word' id='word_1_97' title='bbox 1027 981 1185 1023; x_wconf 79' lang='lat' dir='ltr'>Ninum</span> <span class='ocrx_word' id='word_1_98' title='bbox 1207 994 1513 1040; x_wconf 79' lang='lat' dir='ltr'>expugnarunt,</span> 
     </span>
     <span class='ocr_line' id='line_1_12' title="bbox 77 1048 1514 1107; baseline 0.003 -17"><span class='ocrx_word' id='word_1_99' title='bbox 77 1052 140 1104; x_wconf 88' lang='lat' dir='ltr'>(ut</span> <span class='ocrx_word' id='word_1_100' title='bbox 161 1057 296 1090; x_wconf 88' lang='lat' dir='ltr'>autem</span> <span class='ocrx_word' id='word_1_101' title='bbox 319 1048 513 1102; x_wconf 85' lang='lat' dir='ltr'>ceperint,</span> <span class='ocrx_word' id='word_1_102' title='bbox 546 1049 590 1088; x_wconf 92' lang='lat' dir='ltr'>in</span> <span class='ocrx_word' id='word_1_103' title='bbox 611 1048 698 1089; x_wconf 87' lang='lat' dir='ltr'>aliis</span> <span class='ocrx_word' id='word_1_104' title='bbox 719 1048 832 1089; x_wconf 82' lang='lat' dir='ltr'>libris</span> <span class='ocrx_word' id='word_1_105' title='bbox 853 1049 1082 1103; x_wconf 85' lang='lat' dir='ltr'>indicabo,)</span> <span class='ocrx_word' id='word_1_106' title='bbox 1105 1051 1378 1107; x_wconf 89' lang='lat' dir='ltr'>Assyriosque</span> <span class='ocrx_word' id='word_1_107' title='bbox 1398 1067 1514 1094; x_wconf 88' lang='lat' dir='ltr'>suam</span> 
     </span>
     <span class='ocr_line' id='line_1_13' title="bbox 74 1117 1515 1176; baseline 0.004 -18"><span class='ocrx_word' id='word_1_108' title='bbox 74 1118 119 1158; x_wconf 92' lang='lat' dir='ltr'>in</span> <span class='ocrx_word' id='word_1_109' title='bbox 140 1118 340 1159; x_wconf 77' lang='lat' dir='ltr'>ditionem</span> <span class='ocrx_word' id='word_1_110' title='bbox 369 1117 628 1173; x_wconf 81' lang='lat' dir='ltr'>redegerunt.</span> <span class='ocrx_word' id='word_1_111' title='bbox 691 1117 924 1172; x_wconf 87' lang='lat' dir='ltr'>Conposuit</span> <span class='ocrx_word' id='word_1_112' title='bbox 955 1134 1055 1175; x_wconf 85' lang='lat' dir='ltr'>ergo</span> <span class='ocrx_word' id='word_1_113' title='bbox 1091 1134 1227 1160; x_wconf 89' lang='lat' dir='ltr'>rerum</span> <span class='ocrx_word' id='word_1_114' title='bbox 1250 1121 1515 1176; x_wconf 87' lang='lat' dir='ltr'>Assyriarum</span> 
     </span>
     <span class='ocr_line' id='line_1_14' title="bbox 73 1186 1514 1246; baseline 0.004 -18"><span class='ocrx_word' id='word_1_115' title='bbox 73 1187 214 1236; x_wconf 82' lang='lat' dir='ltr'>libros,</span> <span class='ocrx_word' id='word_1_116' title='bbox 246 1196 316 1228; x_wconf 85' lang='lat' dir='ltr'>aut</span> <span class='ocrx_word' id='word_1_117' title='bbox 343 1187 481 1226; x_wconf 88' lang='lat' dir='ltr'>animo</span> <span class='ocrx_word' id='word_1_118' title='bbox 503 1186 766 1242; x_wconf 82' lang='lat' dir='ltr'>scriptionem</span> <span class='ocrx_word' id='word_1_119' title='bbox 793 1187 962 1244; x_wconf 83' lang='lat' dir='ltr'>agitavit</span> <span class='ocrx_word' id='word_1_120' title='bbox 981 1202 1137 1238; x_wconf 91' lang='lat' dir='ltr'>eorum,</span> <span class='ocrx_word' id='word_1_121' title='bbox 1169 1204 1304 1246; x_wconf 90' lang='lat' dir='ltr'>neque</span> <span class='ocrx_word' id='word_1_122' title='bbox 1324 1191 1514 1234; x_wconf 85' lang='lat' dir='ltr'>absolvit:</span> 
     </span>
     <span class='ocr_line' id='line_1_15' title="bbox 73 1254 1516 1312; baseline 0.004 -16"><span class='ocrx_word' id='word_1_123' title='bbox 73 1256 274 1310; x_wconf 86' lang='lat' dir='ltr'>posterius</span> <span class='ocrx_word' id='word_1_124' title='bbox 309 1255 375 1296; x_wconf 89' lang='lat' dir='ltr'>Jo.</span> <span class='ocrx_word' id='word_1_125' title='bbox 412 1254 507 1295; x_wconf 87' lang='lat' dir='ltr'><strong>Alb.</strong></span> <span class='ocrx_word' id='word_1_126' title='bbox 543 1254 770 1305; x_wconf 79' lang='lat' dir='ltr'>Fabricius,</span> <span class='ocrx_word' id='word_1_127' title='bbox 802 1256 998 1310; x_wconf 91' lang='lat' dir='ltr'>quoniam</span> <span class='ocrx_word' id='word_1_128' title='bbox 1028 1271 1232 1312; x_wconf 86' lang='lat' dir='ltr'>nusquam</span> <span class='ocrx_word' id='word_1_129' title='bbox 1256 1258 1423 1301; x_wconf 89' lang='lat' dir='ltr'>illorum</span> <span class='ocrx_word' id='word_1_130' title='bbox 1451 1275 1516 1302; x_wconf 81' lang='lat' dir='ltr'>re-</span> 
     </span>
     <span class='ocr_line' id='line_1_16' title="bbox 75 1324 1516 1384; baseline 0.005 -20"><span class='ocrx_word' id='word_1_131' title='bbox 75 1325 204 1365; x_wconf 78' lang='lat' dir='ltr'>currit</span> <span class='ocrx_word' id='word_1_132' title='bbox 234 1324 447 1374; x_wconf 81' lang='lat' dir='ltr'>memoria,</span> <span class='ocrx_word' id='word_1_133' title='bbox 470 1324 613 1380; x_wconf 82' lang='lat' dir='ltr'>elegit3</span> <span class='ocrx_word' id='word_1_134' title='bbox 645 1339 779 1380; x_wconf 90' lang='lat' dir='ltr'>neque</span> <span class='ocrx_word' id='word_1_135' title='bbox 799 1324 1063 1380; x_wconf 86' lang='lat' dir='ltr'>displicuerat</span> <span class='ocrx_word' id='word_1_136' title='bbox 1085 1326 1186 1368; x_wconf 87' lang='lat' dir='ltr'>Ger.</span> <span class='ocrx_word' id='word_1_137' title='bbox 1214 1327 1280 1369; x_wconf 90' lang='lat' dir='ltr'>Jo.</span> <span class='ocrx_word' id='word_1_138' title='bbox 1303 1328 1464 1381; x_wconf 90' lang='lat' dir='ltr'>Vossio,</span> <span class='ocrx_word' id='word_1_139' title='bbox 1496 1334 1516 1384; x_wconf 52' lang='grc' dir='ltr'><em>ᾗ</em></span> 
     </span>
     <span class='ocr_line' id='line_1_17' title="bbox 74 1394 1514 1450; baseline 0.004 -16"><span class='ocrx_word' id='word_1_140' title='bbox 74 1401 309 1449; x_wconf 84' lang='lat' dir='ltr'>opportune</span> <span class='ocrx_word' id='word_1_141' title='bbox 334 1402 474 1434; x_wconf 89' lang='lat' dir='ltr'>tamen</span> <span class='ocrx_word' id='word_1_142' title='bbox 495 1401 617 1449; x_wconf 86' lang='lat' dir='ltr'>atque</span> <span class='ocrx_word' id='word_1_143' title='bbox 644 1408 696 1434; x_wconf 85' lang='lat' dir='ltr'>ex</span> <span class='ocrx_word' id='word_1_144' title='bbox 715 1407 814 1435; x_wconf 89' lang='lat' dir='ltr'>vero</span> <span class='ocrx_word' id='word_1_145' title='bbox 833 1394 1084 1445; x_wconf 88' lang='lat' dir='ltr'>adfirmanti,</span> <span class='ocrx_word' id='word_1_146' title='bbox 1115 1395 1227 1450; x_wconf 89' lang='lat' dir='ltr'>apud</span> <span class='ocrx_word' id='word_1_147' title='bbox 1249 1396 1514 1441; x_wconf 85' lang='lat' dir='ltr'>Aristotelem</span> 
     </span>
     <span class='ocr_line' id='line_1_18' title="bbox 74 1461 1516 1520; baseline 0.004 -17"><span class='ocrx_word' id='word_1_148' title='bbox 74 1462 285 1518; x_wconf 86' lang='lat' dir='ltr'>quidpiam</span> <span class='ocrx_word' id='word_1_149' title='bbox 308 1462 490 1517; x_wconf 83' lang='lat' dir='ltr'>reperiri,</span> <span class='ocrx_word' id='word_1_150' title='bbox 513 1465 543 1509; x_wconf 66' lang='grc' dir='ltr'>ἹῘ</span> <span class='ocrx_word' id='word_1_151' title='bbox 574 1461 685 1518; x_wconf 91' lang='lat' dir='ltr'>quod</span> <span class='ocrx_word' id='word_1_152' title='bbox 710 1476 762 1502; x_wconf 86' lang='lat' dir='ltr'>ex</span> <span class='ocrx_word' id='word_1_153' title='bbox 784 1462 996 1505; x_wconf 84' lang='lat' dir='ltr'>Herodoti</span> <span class='ocrx_word' id='word_1_154' title='bbox 1029 1464 1252 1520; x_wconf 81' lang='lat' dir='ltr'>Assyriacis</span> <span class='ocrx_word' id='word_1_155' title='bbox 1271 1465 1437 1508; x_wconf 86' lang='lat' dir='ltr'>fluxisse</span> <span class='ocrx_word' id='word_1_156' title='bbox 1455 1468 1516 1509; x_wconf 89' lang='lat' dir='ltr'>vi-</span> 
     </span>
     <span class='ocr_line' id='line_1_19' title="bbox 75 1530 1516 1592; baseline 0.003 -19"><span class='ocrx_word' id='word_1_157' title='bbox 75 1532 233 1573; x_wconf 89' lang='lat' dir='ltr'>deatur.</span> <span class='ocrx_word' id='word_1_158' title='bbox 294 1531 500 1586; x_wconf 85' lang='lat' dir='ltr'>Deposuit</span> <span class='ocrx_word' id='word_1_159' title='bbox 530 1530 801 1585; x_wconf 79' lang='lat' dir='ltr'>philosophus</span> <span class='ocrx_word' id='word_1_160' title='bbox 835 1547 913 1586; x_wconf 90' lang='lat' dir='ltr'>pro</span> <span class='ocrx_word' id='word_1_161' title='bbox 942 1533 1180 1583; x_wconf 86' lang='lat' dir='ltr'>certissimo,</span> <span class='ocrx_word' id='word_1_162' title='bbox 1212 1540 1258 1575; x_wconf 75' lang='grc' dir='ltr'>τὰ</span> <span class='ocrx_word' id='word_1_163' title='bbox 1277 1539 1516 1592; x_wconf 71' lang='grc' dir='ltr'><em>γαμψώνυχα</em></span> 
     </span>
     <span class='ocr_line' id='line_1_20' title="bbox 76 1599 1515 1661; baseline 0.004 -21"><span class='ocrx_word' id='word_1_164' title='bbox 76 1603 189 1640; x_wconf 72' lang='grc' dir='ltr'><em>ἄποτα</em></span> <span class='ocrx_word' id='word_1_165' title='bbox 209 1603 310 1641; x_wconf 58' lang='lat' dir='ltr'>afuat:</span> <span class='ocrx_word' id='word_1_166' title='bbox 343 1599 521 1654; x_wconf 86' lang='lat' dir='ltr'>culpavit</span> <span class='ocrx_word' id='word_1_167' title='bbox 553 1599 833 1649; x_wconf 83' lang='lat' dir='ltr'>Herodotum,</span> <span class='ocrx_word' id='word_1_168' title='bbox 869 1600 913 1641; x_wconf 90' lang='lat' dir='ltr'>in</span> <span class='ocrx_word' id='word_1_169' title='bbox 945 1601 1047 1642; x_wconf 90' lang='lat' dir='ltr'>Nini</span> <span class='ocrx_word' id='word_1_170' title='bbox 1077 1602 1303 1643; x_wconf 84' lang='lat' dir='ltr'>obsidionis</span> <span class='ocrx_word' id='word_1_171' title='bbox 1333 1603 1515 1661; x_wconf 86' lang='lat' dir='ltr'>descrip-</span> 
     </span>
     <span class='ocr_line' id='line_1_21' title="bbox 72 1669 1514 1726; baseline 0.004 -17"><span class='ocrx_word' id='word_1_172' title='bbox 72 1669 197 1718; x_wconf 75' lang='lat' dir='ltr'>tione,</span> <span class='ocrx_word' id='word_1_173' title='bbox 229 1675 275 1724; x_wconf 72' lang='grc' dir='ltr'>τῇ</span> <span class='ocrx_word' id='word_1_174' title='bbox 293 1673 436 1723; x_wconf 73' lang='grc' dir='ltr'>διηγήσει</span> <span class='ocrx_word' id='word_1_175' title='bbox 456 1675 527 1724; x_wconf 56' lang='grc' dir='ltr'>περὶ</span> <span class='ocrx_word' id='word_1_176' title='bbox 544 1672 601 1715; x_wconf 70' lang='grc' dir='ltr'>τὴν</span> <span class='ocrx_word' id='word_1_177' title='bbox 619 1674 805 1723; x_wconf 71' lang='grc' dir='ltr'><strong><em>πολιοξκίαν</em></strong></span> <span class='ocrx_word' id='word_1_178' title='bbox 823 1673 883 1716; x_wconf 70' lang='grc' dir='ltr'>τῆς</span> <span class='ocrx_word' id='word_1_179' title='bbox 903 1675 1009 1720; x_wconf 79' lang='grc' dir='ltr'><em>Νίνου,</em></span> <span class='ocrx_word' id='word_1_180' title='bbox 1040 1671 1220 1726; x_wconf 76' lang='lat' dir='ltr'>aquilam</span> <span class='ocrx_word' id='word_1_181' title='bbox 1250 1672 1399 1714; x_wconf 85' lang='lat' dir='ltr'>bibisse</span> <span class='ocrx_word' id='word_1_182' title='bbox 1427 1688 1514 1716; x_wconf 88' lang='lat' dir='ltr'>me-</span> 
     </span>
     <span class='ocr_line' id='line_1_22' title="bbox 75 1738 1511 1801; baseline 0.003 -20"><span class='ocrx_word' id='word_1_183' title='bbox 75 1746 321 1788; x_wconf 85' lang='lat' dir='ltr'>morantem,</span> <span class='ocrx_word' id='word_1_184' title='bbox 359 1753 452 1780; x_wconf 92' lang='lat' dir='ltr'>cum</span> <span class='ocrx_word' id='word_1_185' title='bbox 487 1738 556 1781; x_wconf 85' lang='lat' dir='ltr'>illa</span> <span class='ocrx_word' id='word_1_186' title='bbox 590 1738 689 1787; x_wconf 86' lang='lat' dir='ltr'>avis,</span> <span class='ocrx_word' id='word_1_187' title='bbox 727 1738 845 1779; x_wconf 88' lang='lat' dir='ltr'>sicuti</span> <span class='ocrx_word' id='word_1_188' title='bbox 878 1739 1046 1795; x_wconf 81' lang='lat' dir='ltr'>reliquae</span> <span class='ocrx_word' id='word_1_189' title='bbox 1085 1741 1255 1783; x_wconf 88' lang='lat' dir='ltr'>aduncis</span> <span class='ocrx_word' id='word_1_190' title='bbox 1290 1744 1511 1801; x_wconf 80' lang='lat' dir='ltr'>unguibus,</span> 
     </span>
     <span class='ocr_line' id='line_1_23' title="bbox 77 1805 1513 1867; baseline 0.003 -19"><span class='ocrx_word' id='word_1_191' title='bbox 77 1816 179 1863; x_wconf 91' lang='lat' dir='ltr'>potu</span> <span class='ocrx_word' id='word_1_192' title='bbox 211 1807 422 1848; x_wconf 86' lang='lat' dir='ltr'>abstineat.</span> <span class='ocrx_word' id='word_1_193' title='bbox 487 1805 617 1855; x_wconf 79' lang='lat' dir='ltr'>Quod</span> <span class='ocrx_word' id='word_1_194' title='bbox 636 1805 807 1861; x_wconf 88' lang='lat' dir='ltr'>quidem</span> <span class='ocrx_word' id='word_1_195' title='bbox 836 1807 880 1847; x_wconf 90' lang='lat' dir='ltr'>in</span> <span class='ocrx_word' id='word_1_196' title='bbox 903 1807 1122 1850; x_wconf 90' lang='lat' dir='ltr'>Musarum</span> <span class='ocrx_word' id='word_1_197' title='bbox 1155 1825 1281 1865; x_wconf 89' lang='lat' dir='ltr'>opere</span> <span class='ocrx_word' id='word_1_198' title='bbox 1309 1826 1513 1867; x_wconf 88' lang='lat' dir='ltr'>nusquam</span> 
     </span>
     <span class='ocr_line' id='line_1_24' title="bbox 74 1874 1512 1934; baseline 0.003 -16"><span class='ocrx_word' id='word_1_199' title='bbox 74 1892 185 1918; x_wconf 90' lang='lat' dir='ltr'>nunc</span> <span class='ocrx_word' id='word_1_200' title='bbox 205 1876 388 1926; x_wconf 91' lang='lat' dir='ltr'>obvium,</span> <span class='ocrx_word' id='word_1_201' title='bbox 417 1889 626 1930; x_wconf 84' lang='lat' dir='ltr'>capessere</span> <span class='ocrx_word' id='word_1_202' title='bbox 645 1874 783 1916; x_wconf 90' lang='lat' dir='ltr'>locum</span> <span class='ocrx_word' id='word_1_203' title='bbox 803 1875 846 1915; x_wconf 92' lang='lat' dir='ltr'>in</span> <span class='ocrx_word' id='word_1_204' title='bbox 869 1874 1060 1918; x_wconf 85' lang='lat' dir='ltr'>Historia</span> <span class='ocrx_word' id='word_1_205' title='bbox 1081 1878 1252 1934; x_wconf 90' lang='lat' dir='ltr'>Assyria</span> <span class='ocrx_word' id='word_1_206' title='bbox 1279 1880 1512 1923; x_wconf 90' lang='lat' dir='ltr'>conmodis-</span> 
     </span>
     <span class='ocr_line' id='line_1_25' title="bbox 75 1943 1512 2005; baseline 0.001 -15"><span class='ocrx_word' id='word_1_207' title='bbox 75 1950 223 1990; x_wconf 84' lang='lat' dir='ltr'>simum</span> <span class='ocrx_word' id='word_1_208' title='bbox 255 1947 404 2003; x_wconf 91' lang='lat' dir='ltr'>potuit,</span> <span class='ocrx_word' id='word_1_209' title='bbox 437 1943 636 2000; x_wconf 87' lang='lat' dir='ltr'>siquidem</span> <span class='ocrx_word' id='word_1_210' title='bbox 667 1943 819 1994; x_wconf 90' lang='lat' dir='ltr'>Ninus,</span> <span class='ocrx_word' id='word_1_211' title='bbox 849 1951 894 1985; x_wconf 92' lang='lat' dir='ltr'>ut</span> <span class='ocrx_word' id='word_1_212' title='bbox 930 1944 1099 1987; x_wconf 88' lang='lat' dir='ltr'>Vossius</span> <span class='ocrx_word' id='word_1_213' title='bbox 1129 1947 1297 2001; x_wconf 87' lang='lat' dir='ltr'>optime,</span> <span class='ocrx_word' id='word_1_214' title='bbox 1330 1948 1512 2005; x_wconf 88' lang='lat' dir='ltr'>Assyriae</span> 
     </span>
     <span class='ocr_line' id='line_1_26' title="bbox 75 2011 1512 2075; baseline 0 -16"><span class='ocrx_word' id='word_1_215' title='bbox 75 2016 326 2072; x_wconf 81' lang='lat' dir='ltr'>metropolis.</span> <span class='ocrx_word' id='word_1_216' title='bbox 366 2014 465 2056; x_wconf 91' lang='lat' dir='ltr'>Non</span> <span class='ocrx_word' id='word_1_217' title='bbox 486 2011 675 2069; x_wconf 86' lang='lat' dir='ltr'>equidem</span> <span class='ocrx_word' id='word_1_218' title='bbox 695 2013 849 2063; x_wconf 85' lang='lat' dir='ltr'>nescio,</span> <span class='ocrx_word' id='word_1_219' title='bbox 873 2013 961 2054; x_wconf 89' lang='lat' dir='ltr'>Cel.</span> <span class='ocrx_word' id='word_1_220' title='bbox 985 2013 1222 2056; x_wconf 87' lang='lat' dir='ltr'>Fabricium</span> <span class='ocrx_word' id='word_1_221' title='bbox 1241 2015 1295 2058; x_wconf 92' lang='lat' dir='ltr'>de</span> <span class='ocrx_word' id='word_1_222' title='bbox 1314 2016 1512 2075; x_wconf 86' lang='lat' dir='ltr'>integrio-</span> 
     </span>
     <span class='ocr_line' id='line_1_27' title="bbox 75 2081 1510 2141; baseline 0.001 -14"><span class='ocrx_word' id='word_1_223' title='bbox 75 2087 200 2135; x_wconf 85' lang='lat' dir='ltr'>ribus,</span> <span class='ocrx_word' id='word_1_224' title='bbox 223 2099 348 2141; x_wconf 88' lang='lat' dir='ltr'>quam</span> <span class='ocrx_word' id='word_1_225' title='bbox 363 2092 515 2124; x_wconf 89' lang='lat' dir='ltr'>nostrae</span> <span class='ocrx_word' id='word_1_226' title='bbox 532 2090 640 2131; x_wconf 77' lang='lat' dir='ltr'>sunt,</span> <span class='ocrx_word' id='word_1_227' title='bbox 665 2081 812 2131; x_wconf 86' lang='lat' dir='ltr'>Musis,</span> <span class='ocrx_word' id='word_1_228' title='bbox 834 2082 886 2122; x_wconf 85' lang='lat' dir='ltr'>ab</span> <span class='ocrx_word' id='word_1_229' title='bbox 901 2082 1125 2124; x_wconf 86' lang='lat' dir='ltr'>Aristotele</span> <span class='ocrx_word' id='word_1_230' title='bbox 1140 2085 1307 2125; x_wconf 85' lang='lat' dir='ltr'>versatis</span> <span class='ocrx_word' id='word_1_231' title='bbox 1326 2094 1366 2127; x_wconf 89' lang='lat' dir='ltr'>et</span> <span class='ocrx_word' id='word_1_232' title='bbox 1381 2086 1510 2138; x_wconf 89' lang='lat' dir='ltr'>lectis,</span> 
     </span>
     <span class='ocr_line' id='line_1_28' title="bbox 74 2150 1510 2209; baseline -0.001 -13"><span class='ocrx_word' id='word_1_233' title='bbox 74 2154 339 2209; x_wconf 88' lang='lat' dir='ltr'>suspicatum:</span> <span class='ocrx_word' id='word_1_234' title='bbox 364 2166 456 2208; x_wconf 91' lang='lat' dir='ltr'>quae</span> <span class='ocrx_word' id='word_1_235' title='bbox 476 2150 667 2205; x_wconf 88' lang='lat' dir='ltr'>suspici0‚</span> <span class='ocrx_word' id='word_1_236' title='bbox 685 2150 718 2190; x_wconf 89' lang='lat' dir='ltr'>si</span> <span class='ocrx_word' id='word_1_237' title='bbox 733 2165 876 2191; x_wconf 89' lang='lat' dir='ltr'>verum</span> <span class='ocrx_word' id='word_1_238' title='bbox 895 2165 1096 2202; x_wconf 84' lang='lat' dir='ltr'>amamus,</span> <span class='ocrx_word' id='word_1_239' title='bbox 1110 2152 1222 2193; x_wconf 88' lang='lat' dir='ltr'>litem</span> <span class='ocrx_word' id='word_1_240' title='bbox 1242 2151 1314 2193; x_wconf 89' lang='lat' dir='ltr'>lite</span> <span class='ocrx_word' id='word_1_241' title='bbox 1333 2152 1510 2195; x_wconf 89' lang='lat' dir='ltr'>resolvit.</span> 
     </span>
     <span class='ocr_line' id='line_1_29' title="bbox 76 2219 1509 2276; baseline -0.001 -11"><span class='ocrx_word' id='word_1_242' title='bbox 76 2223 252 2266; x_wconf 90' lang='lat' dir='ltr'>Ostendi</span> <span class='ocrx_word' id='word_1_243' title='bbox 267 2222 378 2263; x_wconf 87' lang='lat' dir='ltr'>enim</span> <span class='ocrx_word' id='word_1_244' title='bbox 393 2229 643 2276; x_wconf 85' lang='lat' dir='ltr'>oportuerat,</span> <span class='ocrx_word' id='word_1_245' title='bbox 661 2219 732 2260; x_wconf 91' lang='lat' dir='ltr'>ubi</span> <span class='ocrx_word' id='word_1_246' title='bbox 748 2228 788 2260; x_wconf 84' lang='lat' dir='ltr'>et</span> <span class='ocrx_word' id='word_1_247' title='bbox 807 2219 955 2276; x_wconf 89' lang='lat' dir='ltr'>quibus</span> <span class='ocrx_word' id='word_1_248' title='bbox 969 2221 1090 2262; x_wconf 90' lang='lat' dir='ltr'>rebus</span> <span class='ocrx_word' id='word_1_249' title='bbox 1104 2221 1258 2263; x_wconf 86' lang='lat' dir='ltr'>fuerint</span> <span class='ocrx_word' id='word_1_250' title='bbox 1271 2222 1509 2265; x_wconf 83' lang='lat' dir='ltr'>decurtatae.</span> 
     </span>
    </p>
   </div>
   <div class='ocr_carea' id='block_1_4' title="bbox 78 2369 1509 2625">
    <p class='ocr_par' dir='ltr' id='par_1_4' title="bbox 123 2369 1453 2410">
     <span class='ocr_line' id='line_1_30' title="bbox 123 2369 1453 2410; baseline 0.002 -11"><span class='ocrx_word' id='word_1_251' title='bbox 123 2372 140 2389; x_wconf 79' lang='grc'>*</span> <span class='ocrx_word' id='word_1_252' title='bbox 159 2369 230 2400; x_wconf 91' lang='lat' dir='ltr'>Lib.</span> <span class='ocrx_word' id='word_1_253' title='bbox 247 2369 308 2400; x_wconf 82' lang='lat' dir='ltr'>VI.</span> <span class='ocrx_word' id='word_1_254' title='bbox 323 2373 372 2401; x_wconf 83' lang='grc'>59.</span> <span class='ocrx_word' id='word_1_255' title='bbox 858 2370 877 2410; x_wconf 83' lang='lat'>§</span> <span class='ocrx_word' id='word_1_256' title='bbox 898 2371 950 2401; x_wconf 91' lang='lat' dir='ltr'>De</span> <span class='ocrx_word' id='word_1_257' title='bbox 969 2370 1137 2401; x_wconf 67' lang='lat' dir='ltr'>Histoi-icis</span> <span class='ocrx_word' id='word_1_258' title='bbox 1155 2370 1257 2402; x_wconf 85' lang='lat' dir='ltr'>Graec.</span> <span class='ocrx_word' id='word_1_259' title='bbox 1270 2370 1321 2402; x_wconf 90' lang='lat' dir='ltr'>lib.</span> <span class='ocrx_word' id='word_1_260' title='bbox 1339 2371 1367 2402; x_wconf 91' lang='lat' dir='ltr'>I.</span> <span class='ocrx_word' id='word_1_261' title='bbox 1382 2382 1408 2402; x_wconf 91' lang='lat' dir='ltr'>c.</span> <span class='ocrx_word' id='word_1_262' title='bbox 1422 2376 1453 2402; x_wconf 80' lang='lat'>5.</span> 
     </span>
    </p>

    <p class='ocr_par' dir='ltr' id='par_1_5' title="bbox 78 2423 1509 2625">
     <span class='ocr_line' id='line_1_31' title="bbox 119 2423 1508 2465; baseline 0.001 -11"><span class='ocrx_word' id='word_1_263' title='bbox 119 2427 139 2465; x_wconf 86' lang='lat'>†</span> <span class='ocrx_word' id='word_1_264' title='bbox 156 2424 286 2460; x_wconf 88' lang='lat' dir='ltr'>Scilicet,</span> <span class='ocrx_word' id='word_1_265' title='bbox 297 2434 394 2464; x_wconf 88' lang='lat' dir='ltr'>quam</span> <span class='ocrx_word' id='word_1_266' title='bbox 405 2434 471 2454; x_wconf 88' lang='lat' dir='ltr'>rem</span> <span class='ocrx_word' id='word_1_267' title='bbox 479 2424 532 2454; x_wconf 90' lang='lat' dir='ltr'>lib.</span> <span class='ocrx_word' id='word_1_268' title='bbox 548 2424 609 2454; x_wconf 78' lang='lat' dir='ltr'>Le.</span> <span class='ocrx_word' id='word_1_269' title='bbox 627 2426 676 2456; x_wconf 88' lang='lat'>75.</span> <span class='ocrx_word' id='word_1_270' title='bbox 686 2423 772 2454; x_wconf 82' lang='lat' dir='ltr'>aitse</span> <span class='ocrx_word' id='word_1_271' title='bbox 859 2427 883 2465; x_wconf 63' lang='grc' dir='ltr'>ΊῙ</span> <span class='ocrx_word' id='word_1_272' title='bbox 903 2423 1024 2454; x_wconf 83' lang='lat' dir='ltr'>Histor.</span> <span class='ocrx_word' id='word_1_273' title='bbox 1056 2424 1193 2454; x_wconf 82' lang='lat' dir='ltr'>Animal.</span> <span class='ocrx_word' id='word_1_274' title='bbox 1218 2424 1272 2454; x_wconf 87' lang='lat' dir='ltr'>lib.</span> <span class='ocrx_word' id='word_1_275' title='bbox 1300 2424 1407 2455; x_wconf 90' lang='lat' dir='ltr'><strong>VIII.</strong></span> <span class='ocrx_word' id='word_1_276' title='bbox 1439 2429 1508 2456; x_wconf 91' lang='lat'>1.—</span> 
     </span>
     <span class='ocr_line' id='line_1_32' title="bbox 80 2476 1509 2520; baseline 0.003 -13"><span class='ocrx_word' id='word_1_277' title='bbox 80 2477 105 2509; x_wconf 70' lang='grc' dir='ltr'>ἒν</span> <span class='ocrx_word' id='word_1_278' title='bbox 121 2480 192 2509; x_wconf 67' lang='grc' dir='ltr'><strong><em>τοῖσι</em></strong></span> <span class='ocrx_word' id='word_1_279' title='bbox 207 2479 296 2509; x_wconf 67' lang='grc' dir='ltr'><em>ὶτίσω</em></span> <span class='ocrx_word' id='word_1_280' title='bbox 311 2479 421 2518; x_wconf 72' lang='grc' dir='ltr'><em>λαίγοισι</em></span> <span class='ocrx_word' id='word_1_281' title='bbox 437 2477 675 2515; x_wconf 84' lang='lat' dir='ltr'>declaraturum,</span> <span class='ocrx_word' id='word_1_282' title='bbox 702 2488 772 2508; x_wconf 82' lang='lat' dir='ltr'>earn</span> <span class='ocrx_word' id='word_1_283' title='bbox 816 2478 940 2520; x_wconf 91' lang='lat' dir='ltr'>[Immo</span> <span class='ocrx_word' id='word_1_284' title='bbox 961 2478 1014 2508; x_wconf 91' lang='lat' dir='ltr'>lib.</span> <span class='ocrx_word' id='word_1_285' title='bbox 1030 2476 1134 2508; x_wconf 92' lang='lat' dir='ltr'><strong>VIII.</strong></span> <span class='ocrx_word' id='word_1_286' title='bbox 1156 2489 1183 2508; x_wconf 94' lang='lat' dir='ltr'>c.</span> <span class='ocrx_word' id='word_1_287' title='bbox 1204 2483 1250 2508; x_wconf 88' lang='lat'>18.</span> <span class='ocrx_word' id='word_1_288' title='bbox 1273 2479 1358 2519; x_wconf 90' lang='lat' dir='ltr'>quod</span> <span class='ocrx_word' id='word_1_289' title='bbox 1373 2479 1441 2510; x_wconf 84' lang='lat' dir='ltr'>aliis</span> <span class='ocrx_word' id='word_1_290' title='bbox 1462 2487 1509 2511; x_wconf 83' lang='lat' dir='ltr'>est</span> 
     </span>
     <span class='ocr_line' id='line_1_33' title="bbox 79 2528 1508 2575; baseline 0.003 -17"><span class='ocrx_word' id='word_1_291' title='bbox 79 2538 145 2558; x_wconf 88' lang='lat' dir='ltr'>non</span> <span class='ocrx_word' id='word_1_292' title='bbox 160 2529 192 2557; x_wconf 92' lang='lat' dir='ltr'>in</span> <span class='ocrx_word' id='word_1_293' title='bbox 208 2529 408 2570; x_wconf 85' lang='lat' dir='ltr'>sequentium</span> <span class='ocrx_word' id='word_1_294' title='bbox 422 2528 573 2560; x_wconf 88' lang='lat' dir='ltr'>librorum</span> <span class='ocrx_word' id='word_1_295' title='bbox 587 2529 701 2570; x_wconf 90' lang='lat' dir='ltr'>aliquo,</span> <span class='ocrx_word' id='word_1_296' title='bbox 718 2531 772 2559; x_wconf 86' lang='lat' dir='ltr'>sed</span> <span class='ocrx_word' id='word_1_297' title='bbox 815 2544 882 2573; x_wconf 77' lang='lat' dir='ltr'>cap.</span> <span class='ocrx_word' id='word_1_298' title='bbox 897 2537 948 2564; x_wconf 79' lang='lat'>20.</span> <span class='ocrx_word' id='word_1_299' title='bbox 994 2534 1040 2563; x_wconf 80' lang='lat' dir='ltr'>At</span> <span class='ocrx_word' id='word_1_300' title='bbox 1054 2533 1097 2563; x_wconf 87' lang='lat' dir='ltr'>ibi</span> <span class='ocrx_word' id='word_1_301' title='bbox 1117 2532 1170 2563; x_wconf 85' lang='lat' dir='ltr'>alii</span> <span class='ocrx_word' id='word_1_302' title='bbox 1191 2533 1269 2570; x_wconf 81' lang='lat' dir='ltr'>libri,</span> <span class='ocrx_word' id='word_1_303' title='bbox 1293 2545 1372 2575; x_wconf 82' lang='lat' dir='ltr'>quos</span> <span class='ocrx_word' id='word_1_304' title='bbox 1390 2536 1508 2566; x_wconf 64' lang='lat' dir='ltr'>Carnus</span> 
     </span>
     <span class='ocr_line' id='line_1_34' title="bbox 78 2581 1505 2625; baseline 0.004 -11"><span class='ocrx_word' id='word_1_305' title='bbox 78 2582 112 2612; x_wconf 85' lang='lat' dir='ltr'>in</span> <span class='ocrx_word' id='word_1_306' title='bbox 141 2581 252 2612; x_wconf 85' lang='lat' dir='ltr'>eodem</span> <span class='ocrx_word' id='word_1_307' title='bbox 274 2582 343 2614; x_wconf 74' lang='lat' dir='ltr'>lib..</span> <span class='ocrx_word' id='word_1_308' title='bbox 356 2583 383 2613; x_wconf 81' lang='lat' dir='ltr'>I·</span> <span class='ocrx_word' id='word_1_309' title='bbox 405 2593 471 2622; x_wconf 82' lang='lat' dir='ltr'>cap-</span> <span class='ocrx_word' id='word_1_310' title='bbox 491 2586 559 2614; x_wconf 81' lang='lat'>124·</span> <span class='ocrx_word' id='word_1_311' title='bbox 585 2583 772 2614; x_wconf 68' lang='lat' dir='ltr'>declaratam</span> <span class='ocrx_word' id='word_1_312' title='bbox 815 2594 847 2618; x_wconf 90' lang='lat' dir='ltr'>et</span> <span class='ocrx_word' id='word_1_313' title='bbox 871 2587 1076 2621; x_wconf 85' lang='lat' dir='ltr'>Schneiderus</span> <span class='ocrx_word' id='word_1_314' title='bbox 1098 2587 1197 2618; x_wconf 88' lang='lat' dir='ltr'>secuti</span> <span class='ocrx_word' id='word_1_315' title='bbox 1212 2594 1296 2625; x_wconf 88' lang='lat' dir='ltr'>sunt,</span> <span class='ocrx_word' id='word_1_316' title='bbox 1319 2598 1383 2619; x_wconf 90' lang='lat' dir='ltr'>non</span> <span class='ocrx_word' id='word_1_317' title='bbox 1400 2589 1505 2620; x_wconf 86' lang='lat' dir='ltr'>Hero-</span> 
     </span>
    </p>
   </div>
   <div class='ocr_carea' id='block_1_5' title="bbox 80 2632 1508 2735">
    <p class='ocr_par' dir='ltr' id='par_1_6' title="bbox 80 2632 1508 2735">
     <span class='ocr_line' id='line_1_35' title="bbox 80 2632 1508 2680; baseline 0.007 -15"><span class='ocrx_word' id='word_1_318' title='bbox 80 2632 233 2663; x_wconf 73' lang='lat' dir='ltr'>videmus-</span> <span class='ocrx_word' id='word_1_319' title='bbox 251 2633 297 2672; x_wconf 88' lang='lat' dir='ltr'>S-]</span> <span class='ocrx_word' id='word_1_320' title='bbox 817 2642 938 2680; x_wconf 82' lang='lat' dir='ltr'>dotum,</span> <span class='ocrx_word' id='word_1_321' title='bbox 973 2642 1027 2673; x_wconf 86' lang='lat' dir='ltr'>sed</span> <span class='ocrx_word' id='word_1_322' title='bbox 1057 2642 1238 2674; x_wconf 86' lang='lat' dir='ltr'>Hesiodum</span> <span class='ocrx_word' id='word_1_323' title='bbox 1266 2643 1366 2675; x_wconf 85' lang='lat' dir='ltr'>edunt</span> <span class='ocrx_word' id='word_1_324' title='bbox 1400 2651 1508 2676; x_wconf 80' lang='lat' dir='ltr'>aucto-</span> 
     </span>
     <span class='ocr_line' id='line_1_36' title="bbox 120 2689 908 2735; baseline 0.004 -15"><span class='ocrx_word' id='word_1_325' title='bbox 120 2691 135 2729; x_wconf 84' lang='lat'><strong>‡</strong></span> <span class='ocrx_word' id='word_1_326' title='bbox 154 2689 224 2720; x_wconf 91' lang='lat' dir='ltr'>Lib.</span> <span class='ocrx_word' id='word_1_327' title='bbox 240 2689 266 2719; x_wconf 92' lang='lat'>1.</span> <span class='ocrx_word' id='word_1_328' title='bbox 287 2692 355 2719; x_wconf 82' lang='lat'><strong>184.</strong></span> <span class='ocrx_word' id='word_1_329' title='bbox 818 2693 908 2735; x_wconf 88' lang='lat' dir='ltr'>rem.]</span> 
     </span>
    </p>
   </div>
   <div class='ocr_carea' id='block_1_6' title="bbox 122 2742 545 2784">
    <p class='ocr_par' dir='ltr' id='par_1_7' title="bbox 122 2742 545 2784">
     <span class='ocr_line' id='line_1_37' title="bbox 122 2742 545 2784; baseline 0.002 -12"><span class='ocrx_word' id='word_1_330' title='bbox 122 2745 135 2783; x_wconf 78' lang='grc' dir='ltr'>Η</span> <span class='ocrx_word' id='word_1_331' title='bbox 158 2742 255 2773; x_wconf 86' lang='lat' dir='ltr'>Libro</span> <span class='ocrx_word' id='word_1_332' title='bbox 269 2742 379 2775; x_wconf 84' lang='lat' dir='ltr'>eodem</span> <span class='ocrx_word' id='word_1_333' title='bbox 394 2753 459 2784; x_wconf 87' lang='lat' dir='ltr'>cap.</span> <span class='ocrx_word' id='word_1_334' title='bbox 479 2748 545 2775; x_wconf 81' lang='grc'>106.</span> 
     </span>
    </p>
   </div>
  </div>
 </body>
</html>
