1819 3121
583 163 796 215 CLIO
845 166 881 212 Ι.
1398 169 1460 212 63

115 302 143 325 “
166 295 254 361 περὶ
283 297 444 342 πολλοῦ
477 293 563 343 ἐστὶ
594 296 915 360 κατορθοῦσθαι
950 294 1075 359 ἀρχὴν
1107 294 1176 348 την
1210 295 1292 349 σῆν.
1331 295 1462 348 κείνως

27 380 88 420 25
117 380 144 401 ‘⁶
166 372 239 436 μὲν
261 371 344 436 γοὶρ
377 373 681 436 ἀλλοτριοῦται,
717 375 756 426 ἐς
787 371 854 419 τὸν
887 372 1022 419 παῖδα
1061 376 1202 418 τοῦτον
1237 376 1458 436 περιιοῦσα,

115 457 142 479 “
165 450 280 497 ἐόντα
306 449 472 513 Πέρσην·
501 449 577 496 καὶ
611 452 734 513 ἡμεῖς,
760 449 883 503 ἐόντες
915 449 1067 505 Μῆδοι,
1103 449 1368 512 δουλούμεθά
1401 469 1459 506 τε,

115 534 144 556 “
166 526 242 575 καὶ
263 527 392 588 λόγου
416 526 566 581 οὐδενὸς
590 527 795 591 γινόμεθα
819 525 917 591 πρὸς
951 526 1142 591 Περσέων,
1179 525 1302 579 ἐόντες
1335 529 1459 581 ξεῖνοι·

114 611 143 633 “
166 605 230 652 σέο
255 604 288 651 δ’
315 605 540 657 ἐνεστεῶτος
562 607 776 668 βασιλῆος,
802 603 928 657 ἐόντος
950 604 1161 658 πολιήτεω,
1184 601 1260 649 καὶ
1283 601 1459 666 ἄρχομεν

110 687 138 709 “
159 680 209 728 τὰ
230 681 360 745 μέρος,
383 680 460 728 καὶ
482 680 612 744 τιμοὶς
634 680 730 745 πρὸς
752 680 815 728 σέο
850 681 1049 744 μεγάλας
1083 680 1239 742 ἔχομεν.
1273 679 1379 727 οὕτω
1412 679 1460 727 ὦν

25 766 88 806 30
111 765 139 786 “
162 758 324 812 πάντως
347 760 437 822 ἡμῖν
462 759 526 805 σέο
556 777 600 805 τε
633 758 710 804 καὶ
743 762 813 812 τῆς
843 761 913 812 σῆς
944 758 1072 822 ἀρχῆς
1106 756 1323 820 προοπτέον
1358 757 1458 803 ἐστί.

111 842 138 864 “
159 835 236 882 καὶ
259 840 321 882 νῦν
345 836 378 882 εἰ
400 834 559 898 φοὲερόν
581 853 622 881 τι
647 835 829 899 ἑωρῶμεν,
861 836 945 881 ποῖν
979 834 1028 880 οἶν
1059 852 1119 880 σοι
1153 834 1460 897 προεφράζομεν·

110 920 138 941 “
161 917 223 959 νῦν
248 911 287 959 δὲ
311 912 642 971 ἀποσκηψαντος
664 915 739 958 τοῦ
762 912 941 958 ἐνυπνίου
966 912 1003 964 ἐς
1038 915 1230 974 φλαῦρον·
1261 910 1388 956 αὐτοί
1416 929 1459 958 τε

108 994 137 1016 “
160 987 400 1052 θαρσέομεν,
425 987 508 1034 καί
525 1006 586 1034 σοι
610 987 723 1052 ἕτερα
746 992 928 1035 τοιαῦτα
963 986 1357 1052 παρακελευόμεθα·
1394 985 1459 1033 τᾶν

109 1072 138 1093 “
163 1064 204 1112 δὲ
228 1065 364 1112 παῖδα
387 1070 529 1112 τοῦτον
553 1066 592 1119 ἐξ
616 1065 847 1128 ὀφθαλμῶν
865 1064 1132 1128 ἀπόπεμψαι
1168 1065 1205 1117 ἐς
1231 1064 1393 1127 Πέρσας
1415 1083 1458 1111 τε

21 1149 83 1190 35
108 1149 136 1171 “
157 1141 235 1189 καὶ
251 1141 346 1195 τούς
369 1140 666 1205 γειναμένους.”

175 1234 308 1265 CXXI.
343 1217 564 1271 Ἀκούσας
597 1222 740 1264 ταῦτα
775 1217 797 1263 ὁ
828 1217 1111 1278 Ἀστυάγης,
1135 1219 1258 1282 ἐχάρη
1292 1237 1349 1273 τε,
1384 1218 1459 1265 καὶ

105 1296 290 1347 καλέσας
312 1292 379 1341 τόν
406 1297 548 1359 Κῦρον,
573 1294 687 1355 ἐ’λεγέ
712 1295 753 1341 οἱ
771 1294 884 1341 τάδε·
924 1293 1042 1342 “³0
1068 1300 1159 1351 παῖ,
1193 1295 1235 1341 σὲ
1267 1293 1348 1359 γάρ
1380 1295 1460 1356 ἐγὼ

106 1379 134 1400 “
159 1372 207 1418 δι’
236 1371 335 1431 ὄψιν
359 1371 497 1436 ὀνείρου
528 1373 573 1418 οὐ
608 1371 741 1426 τελέην
775 1371 941 1428 ἠδίκεον,
975 1375 1028 1436 τῇ
1062 1377 1237 1419 σεωυτοῦ
1271 1372 1311 1419 δέ
1343 1372 1459 1436 μοίρῃ

105 1457 134 1478 “
157 1454 312 1514 περιεῑς·
336 1454 398 1496 νῦν
429 1448 477 1496 ὧν
509 1451 575 1497 ἰ’θι
610 1449 759 1514 χαίρων
793 1451 831 1502 ἐς
867 1450 1042 1514 Πέρσας,
1078 1449 1273 1513 πομποῦς
1307 1450 1341 1496 δ’
1380 1450 1460 1510 ἐγῶ

51 1535 82 1574 5
107 1534 134 1556 ‘⁶
157 1526 258 1590 ἅμα
280 1526 461 1589 πέμψω.
486 1525 615 1574 ἐλθῶν
640 1526 679 1594 δὲ
704 1528 794 1582 ἐκεῖ,
829 1527 992 1590 πατέρα
1026 1546 1069 1574 τε
1099 1528 1176 1573 καὶ
1204 1527 1360 1591 μητέρα
1397 1528 1459 1575 εὑ-

107 1609 136 1633 “
157 1604 295 1668 ρῇσεις,
320 1604 365 1650 οὐ
387 1601 506 1650 κατοὶ
533 1602 805 1667 Μιτραδάτην
822 1621 866 1649 τε
889 1601 956 1650 τὸν
979 1602 1179 1667 βουκόλον
1201 1603 1278 1650 καὶ
1294 1604 1362 1658 την
1381 1623 1457 1664 γυ-

106 1688 133 1709 “
157 1686 279 1727 ναῑκα
303 1680 475 1727 αὐτοῦ.”

173 1773 330 1804 CXXII.
367 1759 528 1803 Ταῦτα
575 1760 694 1809 εἴπας
739 1756 761 1802 ὁ
804 1757 1071 1817 Ἀστυάγης,
1114 1757 1356 1820 ἀποπέμπει
1390 1756 1457 1804 τόν

109 1838 252 1899 Κῦρον.
278 1833 529 1887 νοστησαντα
555 1832 595 1879 δέ
618 1851 687 1896 μιν
711 1833 750 1886 ἐς
773 1837 847 1879 τοῦ
875 1832 1113 1896 Καμζὺσεω
1137 1831 1195 1880 τοὶ
1218 1834 1342 1890 οἰκία,
1379 1835 1456 1882 ἐδέ-

105 1915 226 1967 ξαντο
250 1912 291 1957 οἱ
308 1911 542 1973 γεινάμενοι·
573 1908 649 1956 καὶ
682 1910 899 1973 δεξάμενοι,
929 1912 981 1963 ὦς
1012 1910 1226 1967 ἐπύθοντο,
1260 1912 1457 1974 μεγάλως

106 1988 360 2052 ἀσπάζοντο,
400 1986 466 2034 οἷα
504 1986 550 2040 δη
589 1988 847 2050 ἐπιστάμενοι
889 1987 1047 2034 αὐτίκα
1071 1987 1163 2035 τότε
1203 1993 1459 2043 τελευτῆσαι·

51 2073 81 2113 5
106 2064 273 2128 ἱστόρεόν
307 2082 351 2111 τε
387 2062 484 2126 ὅτεῳ
518 2062 654 2127 τρόπω
694 2063 950 2127 περιγένοιτο.
982 2063 1003 2110 ὁ
1033 2064 1072 2110 δέ
1100 2077 1172 2123 σφι
1205 2064 1333 2125 ἔλεγε,
1375 2065 1457 2125 φοὶς

105 2141 182 2206 πρὸ
205 2145 280 2188 τοῦ
301 2139 372 2204 μὲν
396 2141 471 2187 οὐκ
495 2140 650 2196 εἰδέναι,
677 2138 796 2187 ἁλλοὶ
818 2141 1090 2204 ἡμαρτηκέναι
1115 2147 1317 2199 πλεῖστον,
1352 2145 1451 2190 κατ’

105 2218 191 2266 ὅδδν
226 2218 266 2266 δὲ
294 2218 514 2266 πυθέσθαι
549 2220 690 2266 πᾶσαν
723 2218 792 2273 την
824 2218 972 2267 ἑωυτοῦ
1005 2221 1166 2275 πάθην,
1195 2221 1458 2270 ἐπίστασθαι

103 2295 176 2359 μὲν
200 2294 296 2359 γοὶρ,
327 2297 378 2349 ὦς
411 2295 618 2359 βουκόλου
652 2300 726 2343 τοῦ
758 2295 1028 2356 Ἀστυάγεος
1061 2300 1116 2351 εἴη
1149 2302 1260 2351 παῖς·
1293 2298 1382 2346 ἀπὸ
1415 2298 1462 2363 δὲ,

1297 2355 1450 2365 ’,μα-»σπωμ-

103 2376 176 2441 τῆς
196 2375 344 2441 κεζθεᾈ
360 2371 453 2419 ὁδοῦ
476 2372 542 2420 τᾶν
567 2374 709 2420 πάντα
738 2372 861 2433 λόγον
896 2377 971 2420 τῶν
1006 2378 1182 2436 πομπῶν
1215 2375 1452 2423 πυθέσθαι.

22 2458 82 2497 10
103 2434 301 2515 τραφὲναι
326 2449 365 2497 δὲ
390 2449 503 2510 ἐ’λεγε
527 2449 609 2497 ὑπὸ
631 2454 703 2506 τῆς
724 2454 799 2498 τοῦ
827 2450 1037 2515 βουκόλου
1071 2452 1278 2512 γυναικός.
1314 2453 1378 2506 ἤϊέ
1411 2473 1455 2501 τε

107 2528 260 2582 ταΰτην
284 2527 414 2574 αι’νέων
439 2526 507 2574 διοὶ
531 2527 698 2582 παντός·
723 2527 765 2582 ἧν
788 2527 832 2575 τέ
856 2530 896 2575 οἱ
928 2529 963 2576 ἐν
993 2532 1050 2592 τῷ
1077 2528 1191 2592 λόγῳ
1220 2528 1278 2577 τοὶ
1312 2532 1454 2578 πάντα

106 2606 128 2659 ἡ
164 2605 296 2652 Κυνώ.
322 2606 363 2651 οἱ
382 2603 421 2652 δὲ
445 2604 578 2658 τοκέες
605 2603 917 2669 παραλαέόντες
949 2605 998 2653 vd
1032 2605 1184 2670 οὕνομα
1218 2611 1354 2664 τοῦτο,
1389 2609 1452 2655 ἵνα

109 2682 315 2748 θειοτέρως
339 2683 452 2747 δοκέῃ
474 2688 575 2730 τοῖσι
608 2682 780 2747 Πέρσῃσι
814 2684 1003 2748 περιεῖναί
1029 2696 1100 2742 σφι
1136 2683 1157 2731 ὁ
1182 2690 1295 2741 παῖς,
1329 2686 1453 2733 κατέ-

1483 913 1489 921 ,
1509 897 1616 935 (ΜΚ
1634 899 1720 940 μοι.
1743 898 1816 936 μμ

1502 953 1683 997 §mutu-47

1484 1220 1585 1261 Cyrus
1599 1221 1633 1251 in

1485 1263 1624 1294 Persiam
1645 1263 1684 1293 ad

1482 1313 1626 1345 parentes
1636 1306 1683 1337 di-

1482 1349 1606 1382 missus.

1483 1765 1644 1806 Exceptus
1664 1779 1682 1799 a

1480 1808 1544 1839 suis
1558 1819 1633 1840 cum

1479 1851 1601 1892 ingenti
1615 1853 1670 1883 lae.

1479 1895 1556 1926 titia.
1583 1896 1681 1929 Fama

1480 1937 1518 1968 de
1533 1939 1656 1969 nutrice

1479 1980 1564 2012 illius
1579 1992 1664 2012 cane.

1480 2027 1525 2068 [1,
1546 2025 1629 2067 110]
