1763 3116
636 172 909 207 PRAEFATm.
1423 164 1508 211 xiii

86 302 348 354 provocatur,
385 296 428 338 in
449 294 532 336 fine
556 296 793 350 posterioris
821 298 948 352 partis
968 297 1071 339 sexti
1092 298 1192 339 tomi
1213 313 1307 341 cum
1328 301 1510 357 ejusdem

90 365 355 422 Wesselingii
383 365 428 406 in
457 364 556 406 illud
585 366 1007 407 animadversionibus
1036 370 1337 422 repraesentavi.
1413 371 1512 413 Vel-

86 435 167 478 lem
203 435 325 476 etiam
365 449 477 476 nunc
508 435 707 476 continuo
735 436 928 477 comitem
958 435 1055 478 huic
1092 436 1303 480 Herodoti
1343 440 1514 484 editioni

84 504 184 546 dare
202 504 425 559 potuissem
441 503 631 545 Lexicon
649 504 955 556 Herodoteum,
973 505 1015 546 in
1029 520 1110 561 quo
1131 507 1372 550 instruendo
1380 511 1468 565 jam
1489 527 1514 553 a

83 573 277 629 plusculis
297 573 394 614 inde
414 573 532 613 annis
552 587 721 628 operam
742 574 953 625 collocavi,
970 573 1041 615 sed
1062 575 1127 616 cui
1148 575 1401 619 elaborando
1420 594 1514 634 per-

83 640 343 696 ficiendoque
363 640 417 681 ad
444 640 556 683 hunc
576 641 687 682 diem
717 641 845 683 defuit
875 642 1018 684 otium.
1080 642 1209 691 Quod
1239 643 1271 685 si
1292 651 1332 686 et
1362 645 1444 687 vita
1474 654 1514 689 et

84 710 268 766 corporis
297 710 506 766 animique
535 709 770 752 suffecerint
803 711 919 760 vires,
951 711 1104 766 poterit
1141 711 1259 762 illud,
1300 714 1514 770 interjecto

83 778 263 834 quodam
284 778 480 833 temporis
509 779 657 834 spatio,
689 779 907 834 separatim
937 779 980 820 in
1001 779 1133 821 lucem
1163 780 1312 821 emitti:
1344 797 1438 838 quae
1453 797 1516 825 res

83 848 222 889 multis
245 846 454 888 Herodoti
473 846 695 889 lectoribus
715 863 764 889 eo
785 848 906 890 etiam
939 849 1109 905 gratior,
1141 856 1186 890 ut
1206 850 1398 905 equidem
1418 867 1518 894 con-

78 917 194 972 jicio,
217 917 294 957 erit
312 915 466 966 futura,
498 918 696 972 quoniam
726 916 870 959 eadem
890 917 981 958 haec
1001 917 1126 959 veluti
1159 917 1297 960 Clavis
1319 919 1519 963 Herodo-

82 993 161 1036 tea,
184 999 308 1041 quam
338 985 532 1036 meditor,
564 986 618 1026 ad
649 1000 790 1027 omnes
813 986 1033 1028 Musarum
1060 987 1274 1039 editiones,
1297 1003 1391 1044 quae
1420 990 1518 1033 inde

85 1070 111 1096 a
149 1054 505 1111 Ju'ngermaniana
543 1054 801 1108 prodierunt,
850 1054 1023 1109 perinde
1071 1055 1149 1096 erit
1188 1056 1517 1101 adcommodata.

86 1124 234 1180 Igitur,
265 1132 483 1178 postquam
522 1130 563 1162 et
592 1122 760 1177 probari
793 1122 982 1163 studiosis
1014 1122 1250 1166 hominibus
1279 1126 1520 1170 intellexero

87 1193 196 1234 hanc
230 1206 400 1246 operam
433 1191 570 1231 adhuc
605 1206 629 1231 a
658 1191 777 1231 nobis
810 1191 1033 1232 Herodoto
1064 1192 1305 1247 impensam,
1338 1203 1379 1237 et
1407 1205 1519 1251 post-

84 1274 210 1316 quam
250 1259 311 1314 (id
341 1259 454 1314 quod
482 1258 634 1300 factum
664 1259 715 1299 iri
745 1259 868 1313 cupio
898 1261 1116 1315 speroque)
1149 1260 1201 1302 de
1230 1261 1306 1312 his,
1343 1278 1438 1319 quae
1476 1265 1520 1306 in

86 1327 304 1371 tractando
324 1327 404 1369 hoc
425 1328 623 1382 scriptore
652 1327 798 1369 melius
828 1344 852 1369 a
884 1343 952 1369 me
981 1328 1259 1371 administrari
1279 1331 1520 1384 debuerant,

87 1412 112 1439 a
151 1397 282 1438 doctis
318 1396 414 1438 viris
462 1396 578 1438 fuero
613 1396 869 1446 admonitus3
913 1406 1010 1439 tunc
1046 1397 1229 1454 quidem,
1265 1399 1387 1443 Bono
1427 1417 1523 1445 cum

91 1467 201 1516 Deo,
224 1465 409 1508 ultimam
438 1465 496 1506 illi
526 1466 643 1521 operi
672 1466 850 1522 adjicere
880 1481 1049 1508 manum
1070 1468 1276 1520 constitui,
1313 1471 1391 1511 nisi
1420 1471 1525 1512 inte-

87 1536 167 1577 rim
199 1543 270 1577 aut
309 1534 552 1584 Schaeferus,
585 1536 646 1576 vir
677 1536 936 1577 doctissimus
966 1536 1398 1595 diligentissimusque,
1427 1555 1525 1596 pro-

89 1605 213 1645 misso
251 1603 407 1645 steterit
431 1605 520 1659 jam
562 1611 658 1645 ante
697 1603 773 1645 hos
812 1604 989 1646 sedecim
1029 1620 1159 1648 annos
1199 1607 1244 1647 in
1283 1609 1526 1663 praefatione

90 1672 315 1729 splendidae
344 1672 535 1715 editionis
564 1671 776 1714 Herodoti
805 1674 1064 1728 interposito,
1097 1683 1168 1717 aut
1187 1675 1240 1717 ab
1260 1676 1342 1718 alio
1362 1678 1527 1721 erudito

90 1742 179 1782 viro
216 1740 430 1796 provincia
459 1740 550 1782 haec
589 1740 713 1783 fuerit
751 1750 965 1797 occupata.
1036 1742 1165 1793 Quod
1204 1745 1237 1786 si
1276 1745 1396 1788 nobis
1429 1761 1530 1789 con-

92 1810 230 1868 tigerit
256 1818 303 1852 ut
334 1810 521 1851 Lexicon
552 1810 662 1852 istud
682 1811 726 1852 in
760 1811 895 1852 lucem
925 1812 1110 1854 emittere
1140 1813 1275 1864 liceat,
1311 1815 1531 1858 transferre

91 1880 135 1921 in
164 1879 268 1921 illud
315 1879 494 1930 decrevi,
535 1879 698 1936 suisque
727 1880 906 1922 inserere
945 1881 1060 1932 locis,
1093 1882 1294 1938 quidquid
1345 1886 1530 1928 continet

96 1949 462 2006 Wesselingianae}
484 1948 655 1992 editioni
694 1949 876 2005 adjectus
925 1950 1061 1992 Index
1092 1951 1256 1994 Vocum
1292 1960 1333 1995 et
1366 1953 1532 1996 Dictio·

93 2033 195 2060 num
250 2018 498 2061 Graecarum
544 2018 597 2060 de
636 2019 784 2075 quibus
822 2019 866 2061 in
917 2019 1279 2063 Adnotationibus-
1317 2030 1529 2075 tractatur,

96 2087 392 2144 commodeque
411 2088 534 2144 adjici
553 2089 705 2143 poterit
725 2088 861 2130 Index
880 2096 1065 2131 veterum
1097 2090 1355 2146 Scriptorum
1378 2092 1419 2133 in
1440 2092 1532 2134 Ad-

96 2157 377 2200 notationibus
396 2157 449 2198 ad
472 2156 742 2199 Herodotum
762 2157 1076 2200 emendatorum
1099 2167 1170 2201 aut
1190 2159 1500 2203 illustratorum.

692 2295 988 2309 mmmmmm

157 2391 240 2434 His
270 2392 500 2447 praemissis,
527 2393 616 2448 jam
645 2407 738 2449 quae
768 2392 820 2434 de
852 2393 1090 2435 HERoDo'rr
1126 2394 1324 2444 Persona,
1358 2394 1456 2436 Vita
1489 2402 1534 2437 et

103 2461 274 2517 Scriptis
295 2461 338 2502 in
364 2461 536 2502 introitu
566 2461 700 2517 operis
729 2461 944 2517 praefanda
964 2461 1171 2513 videntur,
1203 2477 1252 2504 ea
1271 2477 1357 2504 non
1384 2463 1533 2505 rectius

101 2531 330 2586 certiusque
364 2530 595 2586 expositum
630 2531 680 2571 iri
701 2530 853 2586 putavi,
882 2545 1006 2586 quam
1040 2531 1086 2582 si,
1108 2545 1202 2587 quae
1222 2531 1304 2574 huc
1333 2540 1532 2587 spectant,

101 2613 153 2641 ex
175 2599 485 2641 WESSEmNGn
510 2598 760 2641 Praefatione
779 2599 877 2655 ipsis
907 2600 1131 2642 doctissimi
1161 2601 1237 2641 viri
1253 2600 1402 2651 verbis,
1438 2615 1533 2643 cum

100 2668 282 2724 ejusdem
313 2669 465 2711 notulis
494 2669 537 2710 in
577 2669 661 2710 ima
689 2669 936 2726 paginarum
966 2684 1040 2711 ora
1065 2670 1274 2727 adpositis,
1310 2684 1535 2727 repraesen—

102 2744 245 2778 tarem.
264 2739 287 2761 ²*
350 2739 417 2780 Sic
433 2739 559 2795 igitur
578 2738 645 2780 ille
664 2738 829 2794 praefari
850 2738 954 2780 infit.

144 2852 162 2869 ¹*
191 2850 273 2887 Quae
288 2850 355 2882 istis
367 2850 490 2892 adjecta
504 2862 522 2882 a
538 2851 627 2883 nobis
641 2859 724 2888 sunt,
744 2863 800 2892 op·
844 2852 941 2891 cellis,
964 2852 1079 2892 partim
1110 2852 1231 2893 adjecta
1254 2853 1287 2882 in
1310 2852 1372 2882 fine
1397 2852 1426 2883 S.
1453 2850 1542 2882 litera

105 2903 180 2947 pido
194 2915 304 2947 pauca,
321 2916 358 2937 ea
372 2906 487 2947 partim
509 2906 708 2938 circumdatis
728 2917 804 2938 can·
851 2907 1042 2948 distinguere
1068 2917 1086 2936 a
1120 2907 1390 2948 Wesselingiauus
1425 2905 1554 2947 placuit.
