1763 3116
274 173 341 205 XX
847 185 1118 218 PRAEFATIO·

274 303 427 343 norarii
457 304 499 343 in
530 305 724 347 auxilium
746 317 954 350 vocentur.
1016 316 1130 364 Τάφος
1159 316 1297 350 tamen
1327 307 1586 358 Marcellino,
1607 321 1688 362 qUO

276 369 331 411 de'
348 370 409 411 H.
430 372 635 417 Dodwelli
652 376 675 398 ³*
691 375 895 419 luculenta
915 386 975 419 est
995 377 1304 419 animadversio.

927 526 985 568 ΙΙ.

576 661 908 702 SCRIPTA
959 661 1391 703 HERODOTI.

267 773 301 827 ξ
326 774 394 815 Ex
417 774 586 829 Scriptis
607 774 755 815 summi
773 773 848 814 viri
870 773 965 814 solae
985 773 1038 814 ad
1053 789 1127 815 nos
1139 773 1448 829 jucundissimae
1469 787 1526 813 1x.
1552 771 1697 814 Musa:

270 844 533 885 devenerunt.
584 844 706 893 Nam,
738 847 918 899 Ἐξῆγησιν
938 844 990 884 de
1015 843 1097 884 vita
1123 842 1297 884 Homeri
1321 841 1485 882 titulum
1506 841 1695 881 ementiri

266 920 307 952 et
330 912 596 953 Herodotum
616 921 824 953 auctorem
839 926 1055 967 perperam
1076 912 1208 960 edere,
1229 910 1394 966 liquidis
1413 925 1550 951 rerum
1571 925 1693 966 argu-

265 981 412 1022 mentis
432 981 594 1021 evicisse
615 995 680 1020 me
714 988 827 1034 puto.
888 980 1055 1034 Ipse-ne
1088 979 1370 1020 Historiarum
1404 978 1518 1019 libris
1549 978 1694 1020 Musas

263 1048 524 1102 inscripserit,
543 1062 626 1088 non
647 1047 784 1102 liquet.
827 1047 1048 1096 Lucianus,
1062 1053 1087 1100 †
1107 1047 1221 1101 cujus
1237 1046 1405 1086 Vossius
1425 1054 1465 1086 et
1480 1046 1692 1086 Fabricius

259 1116 375 1157 obliti
395 1129 481 1156 non
502 1124 608 1163 sunt,
629 1114 845 1155 hominum
866 1114 1141 1164 admirationi,
1170 1128 1222 1155 ex
1241 1113 1524 1155 narrationum
1545 1122 1585 1154 et
1606 1113 1691 1154 dic-

260 1185 382 1225 tionis
405 1183 663 1238 jucunditate
687 1184 927 1239 progenitae,
959 1198 1028 1223 eos
1056 1182 1267 1237 adscripsit
1292 1181 1443 1222 titulos.
1504 1182 1554 1222 In
1574 1196 1692 1222 more

258 1253 336 1308 ipsi
356 1253 446 1302 fuit,
463 1257 485 1305 ‡
517 1259 566 1294 τὸν
580 1257 699 1307 πξῶτον
712 1259 820 1306 λόγον,
841 1258 914 1298 τοὺς
932 1258 1076 1307 πρώτους
1094 1258 1214 1306 λόγους
1247 1251 1447 1305 primores
1470 1249 1612 1300 libros,
1649 1258 1689 1291 et

256 1330 468 1377 sequentes
488 1328 560 1368 τοὺς
580 1325 681 1362 ὄπισθε
700 1327 833 1375 λόγους,
853 1326 925 1366 τοὺς
939 1325 1037 1361 ὀπίσω
1055 1327 1188 1374 λόγους,
1203 1318 1440 1374 posthabito
1455 1318 1688 1368 Musarum,

256 1390 416 1431 tametsi
429 1390 665 1444 justissimo,
688 1389 854 1429 nomine
874 1388 1090 1443 adpellare.
1133 1388 1248 1437 Quid
1264 1388 1374 1428 enim
1393 1387 1470 1428 illis
1491 1403 1543 1428 ex
1563 1402 1688 1428 cunc-

256 1469 299 1500 ta
330 1460 495 1501 Graecia
515 1458 752 1514 jucundius,
784 1457 881 1513 quid
911 1459 1084 1507 suavius,
1116 1455 1412 1514 elegantiusve?
1442 1457 1686 1499 Veracitatis

258 1536 395 1570 tamen
429 1542 559 1578 amor,
601 1528 686 1568 sine
720 1542 802 1582 quo
833 1526 1015 1567 historiae
1049 1525 1154 1567 nihil
1185 1526 1263 1567 nisi
1297 1540 1421 1582 nugae
1455 1537 1496 1567 et
1533 1526 1683 1568 Siculae

298 1677 315 1692 ¹
332 1674 480 1713 Apparat.
489 1674 528 1704 ad
540 1673 656 1704 Annal.
670 1672 845 1713 Thucydid.
860 1673 941 1703 Sect.

254 1739 297 1758 XI.
313 1728 426 1767 [immo
445 1728 586 1758 Sea-xx.
601 1740 631 1768 p.
650 1727 754 1758 15.ed.
774 1727 878 1768 Duk.]

294 1784 313 1822 †
332 1783 373 1812 In
390 1781 556 1812 Herodoto
572 1792 597 1811 c.
617 1785 642 1811 l.

292 1839 306 1876 ss
332 1836 405 1866 Vid.
420 1836 472 1866 lib.
490 1836 529 1865 V.
542 1840 594 1867 56.
608 1836 692 1865 VII.
709 1839 758 1867 93.
778 1842 809 1865 et
824 1838 895 1865 213.
913 1835 941 1866 1.

251 1892 299 1920 75.
318 1889 404 1931 [Nec
418 1898 490 1918 vero
505 1888 538 1917 in
552 1888 636 1918 hisce
650 1887 734 1923 locis,
756 1892 811 1917 aut
826 1888 939 1917 horum

249 1943 410 1979 similibus,
435 1942 622 1973 vocabulum
638 1942 725 1982 λέγος
747 1942 791 1971 ita
805 1941 937 1983 intelligi

250 1997 348 2031 debet,
381 1997 468 2037 quasi
498 1996 639 2037 singulos
664 2006 681 2026 e
719 2006 831 2026 novem
858 1996 935 2026 His-

246 2050 398 2080 toriarum
419 2060 547 2081 suarum
569 2050 653 2080 libris
668 2049 809 2090 singulos
831 2050 934 2089 λὲγσυς

244 2104 377 2134 diceret:
405 2104 458 2134 sed
482 2104 568 2144 λέγος
594 2104 627 2133 in
652 2102 832 2144 hujusmodi
859 2103 934 2133 locis

242 2157 323 2187 nihil
348 2158 434 2188 aliud
463 2158 522 2188 nisi
547 2157 763 2194 narrationem,
794 2157 844 2187 vel
869 2157 931 2187 his-

228 2212 362 2247 xtoriam,
390 2218 427 2242 ut
451 2223 509 2242 nos
534 2212 630 2252 vulgo
655 2223 810 2248 vocamus,
837 2213 932 2253 signi-

241 2265 329 2296 ficat:
354 2277 416 2307 qua
437 2266 556 2296 ratione
579 2266 671 2296 etiam
689 2268 869 2304 Hecataeus,
893 2274 930 2296 ut

238 2322 298 2352 hoc
319 2327 399 2357 utar,
423 2322 571 2362 λαγοπωδς
595 2322 711 2353 Nostro
734 2323 853 2359 dicitur,
880 2323 930 2353 II.

242 2379 312 2406 145.
336 2376 376 2405 V.
392 2379 442 2407 56.
459 2382 489 2406 et
508 2379 576 2406 1‘25.
595 2376 627 2406 id
643 2383 697 2411 est,
715 2377 929 2407 Historiarum

237 2430 381 2469 scriptor;
400 2430 438 2459 de
450 2429 622 2469 eodemque
634 2430 786 2460 Hecataeo
797 2430 929 2471 loquens

238 2482 322 2512 idem
341 2481 456 2511 Noster
471 2481 533 2511 VI.
555 2485 626 2512 157.
649 2482 699 2516 ait,
724 2484 879 2515 Ἑκαταῖος
904 2484 928 2512 ἒν

237 2535 308 2562 «τοῖσι
339 2533 456 2571 λόγοισι,
490 2533 662 2562 Hecataeus
690 2532 723 2561 in
753 2532 816 2563 suis
847 2531 925 2563 His—

237 2586 342 2623 toriis;
373 2586 507 2626 denique
534 2585 617 2617 VII.
650 2590 720 2618 159.
746 2587 800 2618 ubi
826 2589 926 2618 πάντα

237 2642 282 2672 τᾶν
306 2642 392 2680 λὸγον
422 2640 471 2673 ait.
495 2641 671 2671 universam
697 2651 786 2670 suam
817 2641 926 2671 Histo-

222 2697 313 2726 riam
328 2695 482 2735 intelligit.
530 2695 650 2735 Itaque,
667 2695 722 2725 ubi
737 2705 769 2725 se
783 2694 826 2725 ait
841 2695 879 2725 de
893 2705 927 2725 re

237 2750 373 2791 quadam
399 2751 422 2779 {u
450 2751 536 2788 ἄλλῳ
563 2751 645 2790 λέγειν
672 2760 736 2780 esse
758 2749 925 2780 dicturum⁹

237 2815 300 2835 non
323 2815 443 2845 semper
465 2803 562 2834 alium
577 2815 614 2834 ex
637 2814 750 2836 novem
769 2804 926 2836 Historia-

984 1683 1057 1702 rum
1086 1682 1213 1702 suarum
1245 1671 1349 1701 Libris
1382 1671 1538 1712 intelligit,
1569 1682 1678 1703 verum

984 1726 1115 1756 subinde
1130 1725 1225 1755 etiam
1240 1725 1334 1755 aliam
1349 1725 1489 1765 ejusdem
1505 1726 1593 1756 Libri
1607 1737 1677 1766 par-

983 1787 1066 1816 tem;
1090 1779 1195 1815 veluti,
1219 1789 1290 1819 quae
1307 1779 1378 1809 Lib.
1400 1779 1463 1809 VI.
1485 1789 1511 1809 c.
1533 1783 1584 1810 59.
1605 1790 1678 1819 pro-

983 1834 1088 1864 fitetur
1109 1844 1141 1863 se
1157 1835 1180 1863 ἐν
1195 1834 1283 1872 ἄλλῳ
1298 1834 1380 1873 λὸγῳ
1395 1833 1618 1872 expositurum,
1641 1845 1678 1864 ea

983 1898 1048 1927 cap.
1069 1891 1139 1917 105.
1163 1887 1304 1927 ejusdem
1322 1887 1399 1917 sexti
1423 1887 1513 1917 Libri
1536 1888 1675 1927 exposita

982 1943 1140 1982 leguntur.
1187 1941 1312 1972 Eodem
1327 1941 1422 1971 modo
1436 1941 1608 1971 Pausanias
1623 1943 1675 1975 lib.

982 1998 1052 2028 III.
1082 2008 1149 2038 cap.
1174 2002 1202 2029 9..
1229 2009 1328 2039 quum
1354 1998 1396 2028 ait
1419 1998 1561 2041 Ἥξόἓατος
1585 2001 1610 2030 ἐν
1633 2003 1676 2040 τῷ

981 2053 1064 2092 λόγῳ
1097 2055 1138 2092 τῷ
1179 2054 1203 2086 ἒς
1235 2055 1354 2095 Κροῖσον,
1395 2063 1459 2083 non
1491 2054 1549 2083 hoc
1590 2052 1674 2086 dicit,

980 2105 1165 2136 Herodotus
1197 2105 1230 2135 in
1264 2106 1360 2136 Libro
1393 2106 1432 2136 de
1464 2107 1578 2143 Croeso,
1615 2106 1669 2137 sed

979 2159 1163 2190 Herodotus
1177 2160 1210 2189 in
1233 2170 1269 2190 ea
1283 2160 1458 2190 narratione
1474 2161 1560 2202 (sive,
1584 2161 1618 2191 in
1633 2171 1669 2191 ea

978 2211 1191 2242 Historiarum
1201 2222 1329 2242 suarum
1339 2213 1439 2252 parte)
1452 2223 1523 2253 quae
1531 2213 1572 2243 ad
1583 2214 1669 2244 Croe-

975 2276 1046 2295 sum
1068 2272 1192 2305 spectat.
1240 2266 1448 2308 Similiterque
1470 2267 1554 2297 idem
1579 2268 1666 2298 Pau-

974 2320 1074 2350 sanias
1088 2320 1138 2350 lib.
1156 2321 1195 2349 V.
1211 2331 1275 2359 cap.
1291 2325 1339 2351 26.
1356 2332 1386 2360 p.
1401 2325 1473 2352 447.
1488 2322 1539 2357 ait,
1554 2322 1666 2364 Ἣξὸδο-

973 2388 1021 2408 τος
1049 2376 1072 2404 ἐν
1099 2378 1155 2409 τοῖς
1182 2375 1288 2414 λα’γοις,
1322 2375 1508 2406 Herodotus
1537 2376 1571 2405 in
1600 2376 1664 2406 suis

974 2426 1132 2456 Historiis.
1178 2428 1239 2457 Sed
1269 2428 1308 2457 de
1340 2429 1398 2458 hoc
1432 2439 1491 2458 usu
1522 2430 1664 2464 vocabuli

972 2480 1058 2519 λόγος
1090 2480 1159 2510 vide
1184 2491 1257 2511 mox
1288 2481 1392 2520 ipsum
1419 2481 1662 2523 Wesselingium

970 2534 1126 2564 verissime
1167 2535 1455 2565 monentem.—De
1492 2536 1662 2567 Musarum

970 2589 1159 2626 nominibus,
1173 2600 1243 2630 quae
1259 2589 1390 2630 singulis
1405 2589 1562 2620 Herodoti
1577 2589 1662 2621 libris

968 2642 1092 2673 inscribi
1107 2644 1202 2684 vulgo
1217 2643 1325 2678 solent,
1349 2644 1383 2673 in
1400 2643 1556 2674 Varietate
1578 2644 1658 2674 Lec-

969 2696 1062 2726 tionis
1080 2696 1119 2727 ad
1134 2697 1366 2736 inscriptionem
1388 2697 1457 2728 libri
1470 2697 1562 2739 primi
1577 2707 1658 2730 non-

969 2751 1046 2782 nihil
1060 2751 1205 2783 diximus.
1230 2751 1273 2793 S.]
